%YAML 1.1
%TAG !u! tag:unity3d.com,2011:
--- !u!29 &1
OcclusionCullingSettings:
  m_ObjectHideFlags: 0
  serializedVersion: 2
  m_OcclusionBakeSettings:
    smallestOccluder: 5
    smallestHole: 0.25
    backfaceThreshold: 100
  m_SceneGUID: 00000000000000000000000000000000
  m_OcclusionCullingData: {fileID: 0}
--- !u!104 &2
RenderSettings:
  m_ObjectHideFlags: 0
  serializedVersion: 8
  m_Fog: 0
  m_FogColor: {r: 0.5, g: 0.5, b: 0.5, a: 1}
  m_FogMode: 3
  m_FogDensity: 0.01
  m_LinearFogStart: 0
  m_LinearFogEnd: 300
  m_AmbientSkyColor: {r: 0.212, g: 0.227, b: 0.259, a: 1}
  m_AmbientEquatorColor: {r: 0.114, g: 0.125, b: 0.133, a: 1}
  m_AmbientGroundColor: {r: 0.047, g: 0.043, b: 0.035, a: 1}
  m_AmbientIntensity: 1
  m_AmbientMode: 3
  m_SubtractiveShadowColor: {r: 0.42, g: 0.478, b: 0.627, a: 1}
  m_SkyboxMaterial: {fileID: 0}
  m_HaloStrength: 0.5
  m_FlareStrength: 1
  m_FlareFadeSpeed: 3
  m_HaloTexture: {fileID: 0}
  m_SpotCookie: {fileID: 10001, guid: 0000000000000000e000000000000000, type: 0}
  m_DefaultReflectionMode: 0
  m_DefaultReflectionResolution: 128
  m_ReflectionBounces: 1
  m_ReflectionIntensity: 1
  m_CustomReflection: {fileID: 0}
  m_Sun: {fileID: 0}
  m_IndirectSpecularColor: {r: 0, g: 0, b: 0, a: 1}
--- !u!157 &3
LightmapSettings:
  m_ObjectHideFlags: 0
  serializedVersion: 11
  m_GIWorkflowMode: 1
  m_GISettings:
    serializedVersion: 2
    m_BounceScale: 1
    m_IndirectOutputScale: 1
    m_AlbedoBoost: 1
    m_TemporalCoherenceThreshold: 1
    m_EnvironmentLightingMode: 0
    m_EnableBakedLightmaps: 0
    m_EnableRealtimeLightmaps: 0
  m_LightmapEditorSettings:
    serializedVersion: 9
    m_Resolution: 2
    m_BakeResolution: 40
    m_TextureWidth: 1024
    m_TextureHeight: 1024
    m_AO: 0
    m_AOMaxDistance: 1
    m_CompAOExponent: 1
    m_CompAOExponentDirect: 0
    m_Padding: 2
    m_LightmapParameters: {fileID: 0}
    m_LightmapsBakeMode: 1
    m_TextureCompression: 1
    m_FinalGather: 0
    m_FinalGatherFiltering: 1
    m_FinalGatherRayCount: 256
    m_ReflectionCompression: 2
    m_MixedBakeMode: 2
    m_BakeBackend: 0
    m_PVRSampling: 1
    m_PVRDirectSampleCount: 32
    m_PVRSampleCount: 500
    m_PVRBounces: 2
    m_PVRFiltering: 0
    m_PVRFilteringMode: 1
    m_PVRCulling: 1
    m_PVRFilteringGaussRadiusDirect: 1
    m_PVRFilteringGaussRadiusIndirect: 5
    m_PVRFilteringGaussRadiusAO: 2
    m_PVRFilteringAtrousColorSigma: 1
    m_PVRFilteringAtrousNormalSigma: 1
    m_PVRFilteringAtrousPositionSigma: 1
  m_LightingDataAsset: {fileID: 0}
  m_UseShadowmask: 1
--- !u!196 &4
NavMeshSettings:
  serializedVersion: 2
  m_ObjectHideFlags: 0
  m_BuildSettings:
    serializedVersion: 2
    agentTypeID: 0
    agentRadius: 0.5
    agentHeight: 2
    agentSlope: 45
    agentClimb: 0.4
    ledgeDropHeight: 0
    maxJumpAcrossDistance: 0
    minRegionArea: 2
    manualCellSize: 0
    cellSize: 0.16666667
    manualTileSize: 0
    tileSize: 256
    accuratePlacement: 0
  m_NavMeshData: {fileID: 0}
--- !u!1001 &10757170
Prefab:
  m_ObjectHideFlags: 0
  serializedVersion: 2
  m_Modification:
    m_TransformParent: {fileID: 787314523}
    m_Modifications:
    - target: {fileID: 4440377525634578, guid: d3a05d52ef75f17408cae066d390999a, type: 2}
      propertyPath: m_LocalPosition.x
      value: 15.04
      objectReference: {fileID: 0}
    - target: {fileID: 4440377525634578, guid: d3a05d52ef75f17408cae066d390999a, type: 2}
      propertyPath: m_LocalPosition.y
      value: 8.46
      objectReference: {fileID: 0}
    - target: {fileID: 4440377525634578, guid: d3a05d52ef75f17408cae066d390999a, type: 2}
      propertyPath: m_LocalPosition.z
      value: 10
      objectReference: {fileID: 0}
    - target: {fileID: 4440377525634578, guid: d3a05d52ef75f17408cae066d390999a, type: 2}
      propertyPath: m_LocalRotation.x
      value: -0
      objectReference: {fileID: 0}
    - target: {fileID: 4440377525634578, guid: d3a05d52ef75f17408cae066d390999a, type: 2}
      propertyPath: m_LocalRotation.y
      value: -0
      objectReference: {fileID: 0}
    - target: {fileID: 4440377525634578, guid: d3a05d52ef75f17408cae066d390999a, type: 2}
      propertyPath: m_LocalRotation.z
      value: -0
      objectReference: {fileID: 0}
    - target: {fileID: 4440377525634578, guid: d3a05d52ef75f17408cae066d390999a, type: 2}
      propertyPath: m_LocalRotation.w
      value: 1
      objectReference: {fileID: 0}
    - target: {fileID: 4440377525634578, guid: d3a05d52ef75f17408cae066d390999a, type: 2}
      propertyPath: m_RootOrder
      value: 1
      objectReference: {fileID: 0}
    - target: {fileID: 1024187388118576, guid: d3a05d52ef75f17408cae066d390999a, type: 2}
      propertyPath: m_Name
      value: TestSpawnPoint2
      objectReference: {fileID: 0}
    - target: {fileID: 1024187388118576, guid: d3a05d52ef75f17408cae066d390999a, type: 2}
      propertyPath: m_Icon
      value: 
      objectReference: {fileID: -964228994112308473, guid: 0000000000000000d000000000000000,
        type: 0}
    m_RemovedComponents: []
  m_ParentPrefab: {fileID: 100100000, guid: d3a05d52ef75f17408cae066d390999a, type: 2}
  m_IsPrefabParent: 0
--- !u!1001 &143500034
Prefab:
  m_ObjectHideFlags: 0
  serializedVersion: 2
  m_Modification:
    m_TransformParent: {fileID: 436014330}
    m_Modifications:
    - target: {fileID: 4366698149562882, guid: 3e2a0f55b080e284a83b76a5fef09bdb, type: 2}
      propertyPath: m_LocalPosition.x
      value: -2.51
      objectReference: {fileID: 0}
    - target: {fileID: 4366698149562882, guid: 3e2a0f55b080e284a83b76a5fef09bdb, type: 2}
      propertyPath: m_LocalPosition.y
      value: 3.54
      objectReference: {fileID: 0}
    - target: {fileID: 4366698149562882, guid: 3e2a0f55b080e284a83b76a5fef09bdb, type: 2}
      propertyPath: m_LocalPosition.z
      value: 0.13215296
      objectReference: {fileID: 0}
    - target: {fileID: 4366698149562882, guid: 3e2a0f55b080e284a83b76a5fef09bdb, type: 2}
      propertyPath: m_LocalRotation.x
      value: -0
      objectReference: {fileID: 0}
    - target: {fileID: 4366698149562882, guid: 3e2a0f55b080e284a83b76a5fef09bdb, type: 2}
      propertyPath: m_LocalRotation.y
      value: -0
      objectReference: {fileID: 0}
    - target: {fileID: 4366698149562882, guid: 3e2a0f55b080e284a83b76a5fef09bdb, type: 2}
      propertyPath: m_LocalRotation.z
      value: -0
      objectReference: {fileID: 0}
    - target: {fileID: 4366698149562882, guid: 3e2a0f55b080e284a83b76a5fef09bdb, type: 2}
      propertyPath: m_LocalRotation.w
      value: 1
      objectReference: {fileID: 0}
    - target: {fileID: 4366698149562882, guid: 3e2a0f55b080e284a83b76a5fef09bdb, type: 2}
      propertyPath: m_RootOrder
      value: 7
      objectReference: {fileID: 0}
    - target: {fileID: 4366698149562882, guid: 3e2a0f55b080e284a83b76a5fef09bdb, type: 2}
      propertyPath: m_LocalScale.x
      value: 0.99829
      objectReference: {fileID: 0}
    - target: {fileID: 4366698149562882, guid: 3e2a0f55b080e284a83b76a5fef09bdb, type: 2}
      propertyPath: m_LocalScale.y
      value: 1
      objectReference: {fileID: 0}
    - target: {fileID: 4366698149562882, guid: 3e2a0f55b080e284a83b76a5fef09bdb, type: 2}
      propertyPath: m_LocalScale.z
      value: 1
      objectReference: {fileID: 0}
    - target: {fileID: 61135999633352852, guid: 3e2a0f55b080e284a83b76a5fef09bdb,
        type: 2}
      propertyPath: m_Offset.x
      value: 0.0077342987
      objectReference: {fileID: 0}
    - target: {fileID: 61135999633352852, guid: 3e2a0f55b080e284a83b76a5fef09bdb,
        type: 2}
      propertyPath: m_Size.x
      value: 9.293589
      objectReference: {fileID: 0}
    - target: {fileID: 61135999633352852, guid: 3e2a0f55b080e284a83b76a5fef09bdb,
        type: 2}
      propertyPath: m_Offset.y
      value: 0
      objectReference: {fileID: 0}
    - target: {fileID: 61135999633352852, guid: 3e2a0f55b080e284a83b76a5fef09bdb,
        type: 2}
      propertyPath: m_Size.y
      value: 0.90663815
      objectReference: {fileID: 0}
    - target: {fileID: 1961977170486974, guid: 3e2a0f55b080e284a83b76a5fef09bdb, type: 2}
      propertyPath: m_Name
      value: drop_through (upper_mid_mid)
      objectReference: {fileID: 0}
    m_RemovedComponents: []
  m_ParentPrefab: {fileID: 100100000, guid: 3e2a0f55b080e284a83b76a5fef09bdb, type: 2}
  m_IsPrefabParent: 0
--- !u!4 &192895688 stripped
Transform:
  m_PrefabParentObject: {fileID: 4366698149562882, guid: 3e2a0f55b080e284a83b76a5fef09bdb,
    type: 2}
  m_PrefabInternal: {fileID: 143500034}
--- !u!1 &270570953
GameObject:
  m_ObjectHideFlags: 0
  m_PrefabParentObject: {fileID: 0}
  m_PrefabInternal: {fileID: 0}
  serializedVersion: 5
  m_Component:
  - component: {fileID: 270570954}
  - component: {fileID: 270570958}
  - component: {fileID: 270570957}
  - component: {fileID: 270570956}
  - component: {fileID: 270570955}
  m_Layer: 5
  m_Name: RetryButton
  m_TagString: Untagged
  m_Icon: {fileID: 0}
  m_NavMeshLayer: 0
  m_StaticEditorFlags: 0
  m_IsActive: 1
--- !u!224 &270570954
RectTransform:
  m_ObjectHideFlags: 0
  m_PrefabParentObject: {fileID: 0}
  m_PrefabInternal: {fileID: 0}
  m_GameObject: {fileID: 270570953}
  m_LocalRotation: {x: 0, y: 0, z: 0, w: 1}
  m_LocalPosition: {x: 0, y: 0, z: 0}
  m_LocalScale: {x: 1, y: 1, z: 1}
  m_Children:
  - {fileID: 2080062896}
  m_Father: {fileID: 2029925497}
  m_RootOrder: 1
  m_LocalEulerAnglesHint: {x: 0, y: 0, z: 0}
  m_AnchorMin: {x: 0.5, y: 0.5}
  m_AnchorMax: {x: 0.5, y: 0.5}
  m_AnchoredPosition: {x: 0, y: -45}
  m_SizeDelta: {x: 160, y: 30}
  m_Pivot: {x: 0.5, y: 0.5}
--- !u!225 &270570955
CanvasGroup:
  m_ObjectHideFlags: 0
  m_PrefabParentObject: {fileID: 0}
  m_PrefabInternal: {fileID: 0}
  m_GameObject: {fileID: 270570953}
  m_Enabled: 1
  m_Alpha: 0
  m_Interactable: 1
  m_BlocksRaycasts: 1
  m_IgnoreParentGroups: 0
--- !u!114 &270570956
MonoBehaviour:
  m_ObjectHideFlags: 0
  m_PrefabParentObject: {fileID: 0}
  m_PrefabInternal: {fileID: 0}
  m_GameObject: {fileID: 270570953}
  m_Enabled: 1
  m_EditorHideFlags: 0
  m_Script: {fileID: 1392445389, guid: f70555f144d8491a825f0804e09c671c, type: 3}
  m_Name: 
  m_EditorClassIdentifier: 
  m_Navigation:
    m_Mode: 3
    m_SelectOnUp: {fileID: 0}
    m_SelectOnDown: {fileID: 0}
    m_SelectOnLeft: {fileID: 0}
    m_SelectOnRight: {fileID: 0}
  m_Transition: 1
  m_Colors:
    m_NormalColor: {r: 0.8897059, g: 0.7784927, b: 0.7784927, a: 0.834}
    m_HighlightedColor: {r: 0.9607843, g: 0.9607843, b: 0.9607843, a: 1}
    m_PressedColor: {r: 0.78431374, g: 0.78431374, b: 0.78431374, a: 1}
    m_DisabledColor: {r: 0.78431374, g: 0.78431374, b: 0.78431374, a: 0.5019608}
    m_ColorMultiplier: 1
    m_FadeDuration: 0.1
  m_SpriteState:
    m_HighlightedSprite: {fileID: 0}
    m_PressedSprite: {fileID: 0}
    m_DisabledSprite: {fileID: 0}
  m_AnimationTriggers:
    m_NormalTrigger: Normal
    m_HighlightedTrigger: Highlighted
    m_PressedTrigger: Pressed
    m_DisabledTrigger: Disabled
  m_Interactable: 1
  m_TargetGraphic: {fileID: 270570957}
  m_OnClick:
    m_PersistentCalls:
      m_Calls:
      - m_Target: {fileID: 2029925498}
        m_MethodName: Restart
        m_Mode: 1
        m_Arguments:
          m_ObjectArgument: {fileID: 0}
          m_ObjectArgumentAssemblyTypeName: UnityEngine.Object, UnityEngine
          m_IntArgument: 0
          m_FloatArgument: 0
          m_StringArgument: 
          m_BoolArgument: 0
        m_CallState: 2
    m_TypeName: UnityEngine.UI.Button+ButtonClickedEvent, UnityEngine.UI, Version=1.0.0.0,
      Culture=neutral, PublicKeyToken=null
--- !u!114 &270570957
MonoBehaviour:
  m_ObjectHideFlags: 0
  m_PrefabParentObject: {fileID: 0}
  m_PrefabInternal: {fileID: 0}
  m_GameObject: {fileID: 270570953}
  m_Enabled: 1
  m_EditorHideFlags: 0
  m_Script: {fileID: -765806418, guid: f70555f144d8491a825f0804e09c671c, type: 3}
  m_Name: 
  m_EditorClassIdentifier: 
  m_Material: {fileID: 0}
  m_Color: {r: 1, g: 1, b: 1, a: 1}
  m_RaycastTarget: 1
  m_OnCullStateChanged:
    m_PersistentCalls:
      m_Calls: []
    m_TypeName: UnityEngine.UI.MaskableGraphic+CullStateChangedEvent, UnityEngine.UI,
      Version=1.0.0.0, Culture=neutral, PublicKeyToken=null
  m_Sprite: {fileID: 10905, guid: 0000000000000000f000000000000000, type: 0}
  m_Type: 1
  m_PreserveAspect: 0
  m_FillCenter: 1
  m_FillMethod: 4
  m_FillAmount: 1
  m_FillClockwise: 1
  m_FillOrigin: 0
--- !u!222 &270570958
CanvasRenderer:
  m_ObjectHideFlags: 0
  m_PrefabParentObject: {fileID: 0}
  m_PrefabInternal: {fileID: 0}
  m_GameObject: {fileID: 270570953}
--- !u!1001 &272151675
Prefab:
  m_ObjectHideFlags: 0
  serializedVersion: 2
  m_Modification:
    m_TransformParent: {fileID: 436014330}
    m_Modifications:
    - target: {fileID: 4366698149562882, guid: 3e2a0f55b080e284a83b76a5fef09bdb, type: 2}
      propertyPath: m_LocalPosition.x
      value: -2.51
      objectReference: {fileID: 0}
    - target: {fileID: 4366698149562882, guid: 3e2a0f55b080e284a83b76a5fef09bdb, type: 2}
      propertyPath: m_LocalPosition.y
      value: -1.1
      objectReference: {fileID: 0}
    - target: {fileID: 4366698149562882, guid: 3e2a0f55b080e284a83b76a5fef09bdb, type: 2}
      propertyPath: m_LocalPosition.z
      value: 0.13215296
      objectReference: {fileID: 0}
    - target: {fileID: 4366698149562882, guid: 3e2a0f55b080e284a83b76a5fef09bdb, type: 2}
      propertyPath: m_LocalRotation.x
      value: -0
      objectReference: {fileID: 0}
    - target: {fileID: 4366698149562882, guid: 3e2a0f55b080e284a83b76a5fef09bdb, type: 2}
      propertyPath: m_LocalRotation.y
      value: -0
      objectReference: {fileID: 0}
    - target: {fileID: 4366698149562882, guid: 3e2a0f55b080e284a83b76a5fef09bdb, type: 2}
      propertyPath: m_LocalRotation.z
      value: -0
      objectReference: {fileID: 0}
    - target: {fileID: 4366698149562882, guid: 3e2a0f55b080e284a83b76a5fef09bdb, type: 2}
      propertyPath: m_LocalRotation.w
      value: 1
      objectReference: {fileID: 0}
    - target: {fileID: 4366698149562882, guid: 3e2a0f55b080e284a83b76a5fef09bdb, type: 2}
      propertyPath: m_RootOrder
      value: 6
      objectReference: {fileID: 0}
    - target: {fileID: 4366698149562882, guid: 3e2a0f55b080e284a83b76a5fef09bdb, type: 2}
      propertyPath: m_LocalScale.x
      value: 0.99829
      objectReference: {fileID: 0}
    - target: {fileID: 4366698149562882, guid: 3e2a0f55b080e284a83b76a5fef09bdb, type: 2}
      propertyPath: m_LocalScale.y
      value: 1
      objectReference: {fileID: 0}
    - target: {fileID: 4366698149562882, guid: 3e2a0f55b080e284a83b76a5fef09bdb, type: 2}
      propertyPath: m_LocalScale.z
      value: 1
      objectReference: {fileID: 0}
    - target: {fileID: 61135999633352852, guid: 3e2a0f55b080e284a83b76a5fef09bdb,
        type: 2}
      propertyPath: m_Offset.x
      value: 0.0077342987
      objectReference: {fileID: 0}
    - target: {fileID: 61135999633352852, guid: 3e2a0f55b080e284a83b76a5fef09bdb,
        type: 2}
      propertyPath: m_Size.x
      value: 9.293589
      objectReference: {fileID: 0}
    - target: {fileID: 61135999633352852, guid: 3e2a0f55b080e284a83b76a5fef09bdb,
        type: 2}
      propertyPath: m_Offset.y
      value: 0
      objectReference: {fileID: 0}
    - target: {fileID: 61135999633352852, guid: 3e2a0f55b080e284a83b76a5fef09bdb,
        type: 2}
      propertyPath: m_Size.y
      value: 0.90663815
      objectReference: {fileID: 0}
    - target: {fileID: 1961977170486974, guid: 3e2a0f55b080e284a83b76a5fef09bdb, type: 2}
      propertyPath: m_Name
      value: drop_through (lower_mid_mid)
      objectReference: {fileID: 0}
    m_RemovedComponents: []
  m_ParentPrefab: {fileID: 100100000, guid: 3e2a0f55b080e284a83b76a5fef09bdb, type: 2}
  m_IsPrefabParent: 0
--- !u!1001 &284034335
Prefab:
  m_ObjectHideFlags: 0
  serializedVersion: 2
  m_Modification:
    m_TransformParent: {fileID: 436014330}
    m_Modifications:
    - target: {fileID: 4366698149562882, guid: 3e2a0f55b080e284a83b76a5fef09bdb, type: 2}
      propertyPath: m_LocalPosition.x
      value: 5.63
      objectReference: {fileID: 0}
    - target: {fileID: 4366698149562882, guid: 3e2a0f55b080e284a83b76a5fef09bdb, type: 2}
      propertyPath: m_LocalPosition.y
      value: 8.98
      objectReference: {fileID: 0}
    - target: {fileID: 4366698149562882, guid: 3e2a0f55b080e284a83b76a5fef09bdb, type: 2}
      propertyPath: m_LocalPosition.z
      value: 0.13215296
      objectReference: {fileID: 0}
    - target: {fileID: 4366698149562882, guid: 3e2a0f55b080e284a83b76a5fef09bdb, type: 2}
      propertyPath: m_LocalRotation.x
      value: -0
      objectReference: {fileID: 0}
    - target: {fileID: 4366698149562882, guid: 3e2a0f55b080e284a83b76a5fef09bdb, type: 2}
      propertyPath: m_LocalRotation.y
      value: -0
      objectReference: {fileID: 0}
    - target: {fileID: 4366698149562882, guid: 3e2a0f55b080e284a83b76a5fef09bdb, type: 2}
      propertyPath: m_LocalRotation.z
      value: -0
      objectReference: {fileID: 0}
    - target: {fileID: 4366698149562882, guid: 3e2a0f55b080e284a83b76a5fef09bdb, type: 2}
      propertyPath: m_LocalRotation.w
      value: 1
      objectReference: {fileID: 0}
    - target: {fileID: 4366698149562882, guid: 3e2a0f55b080e284a83b76a5fef09bdb, type: 2}
      propertyPath: m_RootOrder
      value: 9
      objectReference: {fileID: 0}
    - target: {fileID: 4366698149562882, guid: 3e2a0f55b080e284a83b76a5fef09bdb, type: 2}
      propertyPath: m_LocalScale.x
      value: 0.99829
      objectReference: {fileID: 0}
    - target: {fileID: 4366698149562882, guid: 3e2a0f55b080e284a83b76a5fef09bdb, type: 2}
      propertyPath: m_LocalScale.y
      value: 1
      objectReference: {fileID: 0}
    - target: {fileID: 4366698149562882, guid: 3e2a0f55b080e284a83b76a5fef09bdb, type: 2}
      propertyPath: m_LocalScale.z
      value: 1
      objectReference: {fileID: 0}
    - target: {fileID: 61135999633352852, guid: 3e2a0f55b080e284a83b76a5fef09bdb,
        type: 2}
      propertyPath: m_Offset.x
      value: 0.0077342987
      objectReference: {fileID: 0}
    - target: {fileID: 61135999633352852, guid: 3e2a0f55b080e284a83b76a5fef09bdb,
        type: 2}
      propertyPath: m_Size.x
      value: 9.293589
      objectReference: {fileID: 0}
    - target: {fileID: 61135999633352852, guid: 3e2a0f55b080e284a83b76a5fef09bdb,
        type: 2}
      propertyPath: m_Offset.y
      value: 0
      objectReference: {fileID: 0}
    - target: {fileID: 61135999633352852, guid: 3e2a0f55b080e284a83b76a5fef09bdb,
        type: 2}
      propertyPath: m_Size.y
      value: 0.90663815
      objectReference: {fileID: 0}
    - target: {fileID: 1961977170486974, guid: 3e2a0f55b080e284a83b76a5fef09bdb, type: 2}
      propertyPath: m_Name
      value: drop_through (top_right)
      objectReference: {fileID: 0}
    m_RemovedComponents: []
  m_ParentPrefab: {fileID: 100100000, guid: 3e2a0f55b080e284a83b76a5fef09bdb, type: 2}
  m_IsPrefabParent: 0
--- !u!4 &386579708 stripped
Transform:
  m_PrefabParentObject: {fileID: 4366698149562882, guid: 3e2a0f55b080e284a83b76a5fef09bdb,
    type: 2}
  m_PrefabInternal: {fileID: 800430633}
--- !u!1001 &408331584
Prefab:
  m_ObjectHideFlags: 0
  serializedVersion: 2
  m_Modification:
    m_TransformParent: {fileID: 0}
    m_Modifications:
    - target: {fileID: 4843338622006396, guid: ee9922ace5c9ad442bfdcd482cb3efae, type: 2}
      propertyPath: m_LocalPosition.x
      value: -8.725
      objectReference: {fileID: 0}
    - target: {fileID: 4843338622006396, guid: ee9922ace5c9ad442bfdcd482cb3efae, type: 2}
      propertyPath: m_LocalPosition.y
      value: -1.227
      objectReference: {fileID: 0}
    - target: {fileID: 4843338622006396, guid: ee9922ace5c9ad442bfdcd482cb3efae, type: 2}
      propertyPath: m_LocalPosition.z
      value: 0
      objectReference: {fileID: 0}
    - target: {fileID: 4843338622006396, guid: ee9922ace5c9ad442bfdcd482cb3efae, type: 2}
      propertyPath: m_LocalRotation.x
      value: 0
      objectReference: {fileID: 0}
    - target: {fileID: 4843338622006396, guid: ee9922ace5c9ad442bfdcd482cb3efae, type: 2}
      propertyPath: m_LocalRotation.y
      value: 0
      objectReference: {fileID: 0}
    - target: {fileID: 4843338622006396, guid: ee9922ace5c9ad442bfdcd482cb3efae, type: 2}
      propertyPath: m_LocalRotation.z
      value: 0
      objectReference: {fileID: 0}
    - target: {fileID: 4843338622006396, guid: ee9922ace5c9ad442bfdcd482cb3efae, type: 2}
      propertyPath: m_LocalRotation.w
      value: 1
      objectReference: {fileID: 0}
    - target: {fileID: 4843338622006396, guid: ee9922ace5c9ad442bfdcd482cb3efae, type: 2}
      propertyPath: m_RootOrder
      value: 1
      objectReference: {fileID: 0}
    - target: {fileID: 61492041594501744, guid: ee9922ace5c9ad442bfdcd482cb3efae,
        type: 2}
      propertyPath: m_Offset.x
      value: 0.0051834583
      objectReference: {fileID: 0}
    - target: {fileID: 61492041594501744, guid: ee9922ace5c9ad442bfdcd482cb3efae,
        type: 2}
      propertyPath: m_Size.x
      value: 2.7456775
      objectReference: {fileID: 0}
    - target: {fileID: 61492041594501744, guid: ee9922ace5c9ad442bfdcd482cb3efae,
        type: 2}
      propertyPath: m_Offset.y
      value: 0.048595905
      objectReference: {fileID: 0}
    - target: {fileID: 61492041594501744, guid: ee9922ace5c9ad442bfdcd482cb3efae,
        type: 2}
      propertyPath: m_Size.y
      value: 6.1593466
      objectReference: {fileID: 0}
    - target: {fileID: 61389988588482456, guid: ee9922ace5c9ad442bfdcd482cb3efae,
        type: 2}
      propertyPath: m_Offset.x
      value: 0.016255856
      objectReference: {fileID: 0}
    - target: {fileID: 61389988588482456, guid: ee9922ace5c9ad442bfdcd482cb3efae,
        type: 2}
      propertyPath: m_Size.x
      value: 2.7609572
      objectReference: {fileID: 0}
    - target: {fileID: 61389988588482456, guid: ee9922ace5c9ad442bfdcd482cb3efae,
        type: 2}
      propertyPath: m_Offset.y
      value: 0.03239739
      objectReference: {fileID: 0}
    - target: {fileID: 61389988588482456, guid: ee9922ace5c9ad442bfdcd482cb3efae,
        type: 2}
      propertyPath: m_Size.y
      value: 6.2033043
      objectReference: {fileID: 0}
    - target: {fileID: 4843338622006396, guid: ee9922ace5c9ad442bfdcd482cb3efae, type: 2}
      propertyPath: m_LocalScale.x
      value: 0.3
      objectReference: {fileID: 0}
    - target: {fileID: 4843338622006396, guid: ee9922ace5c9ad442bfdcd482cb3efae, type: 2}
      propertyPath: m_LocalScale.y
      value: 0.3
      objectReference: {fileID: 0}
    m_RemovedComponents: []
  m_ParentPrefab: {fileID: 100100000, guid: ee9922ace5c9ad442bfdcd482cb3efae, type: 2}
  m_IsPrefabParent: 0
--- !u!1 &436014329
GameObject:
  m_ObjectHideFlags: 0
  m_PrefabParentObject: {fileID: 0}
  m_PrefabInternal: {fileID: 0}
  serializedVersion: 5
  m_Component:
  - component: {fileID: 436014330}
  m_Layer: 0
  m_Name: Drop through platforms
  m_TagString: Untagged
  m_Icon: {fileID: 0}
  m_NavMeshLayer: 0
  m_StaticEditorFlags: 0
  m_IsActive: 1
--- !u!4 &436014330
Transform:
  m_ObjectHideFlags: 0
  m_PrefabParentObject: {fileID: 0}
  m_PrefabInternal: {fileID: 0}
  m_GameObject: {fileID: 436014329}
  m_LocalRotation: {x: 0, y: 0, z: 0, w: 1}
  m_LocalPosition: {x: 2.525852, y: -2.2217355, z: -0.13215296}
  m_LocalScale: {x: 1, y: 1, z: 1}
  m_Children:
  - {fileID: 386579708}
  - {fileID: 1410210080}
  - {fileID: 1281153364}
  - {fileID: 1267979153}
  - {fileID: 986386285}
  - {fileID: 970204101}
  - {fileID: 521345915}
  - {fileID: 192895688}
  - {fileID: 795189030}
  - {fileID: 699529751}
  m_Father: {fileID: 0}
  m_RootOrder: 7
  m_LocalEulerAnglesHint: {x: 0, y: 0, z: 0}
--- !u!1001 &436439607
Prefab:
  m_ObjectHideFlags: 0
  serializedVersion: 2
  m_Modification:
    m_TransformParent: {fileID: 436014330}
    m_Modifications:
    - target: {fileID: 4366698149562882, guid: 3e2a0f55b080e284a83b76a5fef09bdb, type: 2}
      propertyPath: m_LocalPosition.x
      value: -21.56
      objectReference: {fileID: 0}
    - target: {fileID: 4366698149562882, guid: 3e2a0f55b080e284a83b76a5fef09bdb, type: 2}
      propertyPath: m_LocalPosition.y
      value: 5.14
      objectReference: {fileID: 0}
    - target: {fileID: 4366698149562882, guid: 3e2a0f55b080e284a83b76a5fef09bdb, type: 2}
      propertyPath: m_LocalPosition.z
      value: 0.13215296
      objectReference: {fileID: 0}
    - target: {fileID: 4366698149562882, guid: 3e2a0f55b080e284a83b76a5fef09bdb, type: 2}
      propertyPath: m_LocalRotation.x
      value: -0
      objectReference: {fileID: 0}
    - target: {fileID: 4366698149562882, guid: 3e2a0f55b080e284a83b76a5fef09bdb, type: 2}
      propertyPath: m_LocalRotation.y
      value: -0
      objectReference: {fileID: 0}
    - target: {fileID: 4366698149562882, guid: 3e2a0f55b080e284a83b76a5fef09bdb, type: 2}
      propertyPath: m_LocalRotation.z
      value: -0
      objectReference: {fileID: 0}
    - target: {fileID: 4366698149562882, guid: 3e2a0f55b080e284a83b76a5fef09bdb, type: 2}
      propertyPath: m_LocalRotation.w
      value: 1
      objectReference: {fileID: 0}
    - target: {fileID: 4366698149562882, guid: 3e2a0f55b080e284a83b76a5fef09bdb, type: 2}
      propertyPath: m_RootOrder
      value: 3
      objectReference: {fileID: 0}
    - target: {fileID: 4366698149562882, guid: 3e2a0f55b080e284a83b76a5fef09bdb, type: 2}
      propertyPath: m_LocalScale.x
      value: 0.99829
      objectReference: {fileID: 0}
    - target: {fileID: 4366698149562882, guid: 3e2a0f55b080e284a83b76a5fef09bdb, type: 2}
      propertyPath: m_LocalScale.y
      value: 1
      objectReference: {fileID: 0}
    - target: {fileID: 4366698149562882, guid: 3e2a0f55b080e284a83b76a5fef09bdb, type: 2}
      propertyPath: m_LocalScale.z
      value: 1
      objectReference: {fileID: 0}
    - target: {fileID: 61135999633352852, guid: 3e2a0f55b080e284a83b76a5fef09bdb,
        type: 2}
      propertyPath: m_Offset.x
      value: 0.0077342987
      objectReference: {fileID: 0}
    - target: {fileID: 61135999633352852, guid: 3e2a0f55b080e284a83b76a5fef09bdb,
        type: 2}
      propertyPath: m_Size.x
      value: 9.293589
      objectReference: {fileID: 0}
    - target: {fileID: 61135999633352852, guid: 3e2a0f55b080e284a83b76a5fef09bdb,
        type: 2}
      propertyPath: m_Offset.y
      value: 0
      objectReference: {fileID: 0}
    - target: {fileID: 61135999633352852, guid: 3e2a0f55b080e284a83b76a5fef09bdb,
        type: 2}
      propertyPath: m_Size.y
      value: 0.90663815
      objectReference: {fileID: 0}
    - target: {fileID: 1961977170486974, guid: 3e2a0f55b080e284a83b76a5fef09bdb, type: 2}
      propertyPath: m_Name
      value: drop_through (upper_mid_left)
      objectReference: {fileID: 0}
    m_RemovedComponents: []
  m_ParentPrefab: {fileID: 100100000, guid: 3e2a0f55b080e284a83b76a5fef09bdb, type: 2}
  m_IsPrefabParent: 0
--- !u!4 &521345915 stripped
Transform:
  m_PrefabParentObject: {fileID: 4366698149562882, guid: 3e2a0f55b080e284a83b76a5fef09bdb,
    type: 2}
  m_PrefabInternal: {fileID: 272151675}
--- !u!1 &606457118
GameObject:
  m_ObjectHideFlags: 0
  m_PrefabParentObject: {fileID: 0}
  m_PrefabInternal: {fileID: 0}
  serializedVersion: 5
  m_Component:
  - component: {fileID: 606457119}
  - component: {fileID: 606457121}
  - component: {fileID: 606457120}
  - component: {fileID: 606457122}
  m_Layer: 5
  m_Name: Health
  m_TagString: Untagged
  m_Icon: {fileID: 0}
  m_NavMeshLayer: 0
  m_StaticEditorFlags: 0
  m_IsActive: 1
--- !u!224 &606457119
RectTransform:
  m_ObjectHideFlags: 0
  m_PrefabParentObject: {fileID: 0}
  m_PrefabInternal: {fileID: 0}
  m_GameObject: {fileID: 606457118}
  m_LocalRotation: {x: 0, y: 0, z: 0, w: 1}
  m_LocalPosition: {x: 0, y: 0, z: 0}
  m_LocalScale: {x: 1, y: 0.30000004, z: 1}
  m_Children: []
  m_Father: {fileID: 1551442128}
  m_RootOrder: 0
  m_LocalEulerAnglesHint: {x: 0, y: 0, z: 0}
  m_AnchorMin: {x: 0.5, y: 0.5}
  m_AnchorMax: {x: 0.5, y: 0.5}
  m_AnchoredPosition: {x: -180.3, y: 127.7}
  m_SizeDelta: {x: 100, y: 100}
  m_Pivot: {x: 0.5, y: 0.5}
--- !u!114 &606457120
MonoBehaviour:
  m_ObjectHideFlags: 0
  m_PrefabParentObject: {fileID: 0}
  m_PrefabInternal: {fileID: 0}
  m_GameObject: {fileID: 606457118}
  m_Enabled: 1
  m_EditorHideFlags: 0
  m_Script: {fileID: -765806418, guid: f70555f144d8491a825f0804e09c671c, type: 3}
  m_Name: 
  m_EditorClassIdentifier: 
  m_Material: {fileID: 0}
  m_Color: {r: 1, g: 1, b: 1, a: 1}
  m_RaycastTarget: 1
  m_OnCullStateChanged:
    m_PersistentCalls:
      m_Calls: []
    m_TypeName: UnityEngine.UI.MaskableGraphic+CullStateChangedEvent, UnityEngine.UI,
      Version=1.0.0.0, Culture=neutral, PublicKeyToken=null
  m_Sprite: {fileID: 21300000, guid: cd5dca253f878d849922059e1edfa26f, type: 3}
  m_Type: 1
  m_PreserveAspect: 0
  m_FillCenter: 1
  m_FillMethod: 4
  m_FillAmount: 1
  m_FillClockwise: 1
  m_FillOrigin: 0
--- !u!222 &606457121
CanvasRenderer:
  m_ObjectHideFlags: 0
  m_PrefabParentObject: {fileID: 0}
  m_PrefabInternal: {fileID: 0}
  m_GameObject: {fileID: 606457118}
--- !u!95 &606457122
Animator:
  serializedVersion: 3
  m_ObjectHideFlags: 0
  m_PrefabParentObject: {fileID: 0}
  m_PrefabInternal: {fileID: 0}
  m_GameObject: {fileID: 606457118}
  m_Enabled: 1
  m_Avatar: {fileID: 0}
  m_Controller: {fileID: 9100000, guid: 79f80cf10873ed44e81f432e18450354, type: 2}
  m_CullingMode: 0
  m_UpdateMode: 0
  m_ApplyRootMotion: 0
  m_LinearVelocityBlending: 0
  m_WarningMessage: 
  m_HasTransformHierarchy: 1
  m_AllowConstantClipSamplingOptimization: 1
--- !u!4 &699529751 stripped
Transform:
  m_PrefabParentObject: {fileID: 4366698149562882, guid: 3e2a0f55b080e284a83b76a5fef09bdb,
    type: 2}
  m_PrefabInternal: {fileID: 284034335}
--- !u!1 &751178178
GameObject:
  m_ObjectHideFlags: 0
  m_PrefabParentObject: {fileID: 0}
  m_PrefabInternal: {fileID: 0}
  serializedVersion: 5
  m_Component:
  - component: {fileID: 751178183}
  - component: {fileID: 751178182}
  - component: {fileID: 751178181}
  - component: {fileID: 751178180}
  - component: {fileID: 751178179}
  - component: {fileID: 751178184}
  m_Layer: 0
  m_Name: Main Camera
  m_TagString: MainCamera
  m_Icon: {fileID: 0}
  m_NavMeshLayer: 0
  m_StaticEditorFlags: 0
  m_IsActive: 1
--- !u!81 &751178179
AudioListener:
  m_ObjectHideFlags: 0
  m_PrefabParentObject: {fileID: 0}
  m_PrefabInternal: {fileID: 0}
  m_GameObject: {fileID: 751178178}
  m_Enabled: 1
--- !u!124 &751178180
Behaviour:
  m_ObjectHideFlags: 0
  m_PrefabParentObject: {fileID: 0}
  m_PrefabInternal: {fileID: 0}
  m_GameObject: {fileID: 751178178}
  m_Enabled: 1
--- !u!92 &751178181
Behaviour:
  m_ObjectHideFlags: 0
  m_PrefabParentObject: {fileID: 0}
  m_PrefabInternal: {fileID: 0}
  m_GameObject: {fileID: 751178178}
  m_Enabled: 1
--- !u!20 &751178182
Camera:
  m_ObjectHideFlags: 0
  m_PrefabParentObject: {fileID: 0}
  m_PrefabInternal: {fileID: 0}
  m_GameObject: {fileID: 751178178}
  m_Enabled: 1
  serializedVersion: 2
  m_ClearFlags: 1
  m_BackGroundColor: {r: 0.19215687, g: 0.3019608, b: 0.4745098, a: 0}
  m_NormalizedViewPortRect:
    serializedVersion: 2
    x: 0
    y: 0
    width: 1
    height: 1
  near clip plane: 0.3
  far clip plane: 1000
  field of view: 60
  orthographic: 1
  orthographic size: 14.775711
  m_Depth: -1
  m_CullingMask:
    serializedVersion: 2
    m_Bits: 4294967295
  m_RenderingPath: -1
  m_TargetTexture: {fileID: 0}
  m_TargetDisplay: 0
  m_TargetEye: 3
  m_HDR: 1
  m_AllowMSAA: 1
  m_ForceIntoRT: 0
  m_OcclusionCulling: 1
  m_StereoConvergence: 10
  m_StereoSeparation: 0.022
  m_StereoMirrorMode: 0
--- !u!4 &751178183
Transform:
  m_ObjectHideFlags: 0
  m_PrefabParentObject: {fileID: 0}
  m_PrefabInternal: {fileID: 0}
  m_GameObject: {fileID: 751178178}
  m_LocalRotation: {x: 0, y: 0, z: 0, w: 1}
  m_LocalPosition: {x: 0, y: 3.03, z: -10}
  m_LocalScale: {x: 1, y: 1, z: 1}
  m_Children: []
  m_Father: {fileID: 0}
  m_RootOrder: 0
  m_LocalEulerAnglesHint: {x: 0, y: 0, z: 0}
--- !u!114 &751178184
MonoBehaviour:
  m_ObjectHideFlags: 0
  m_PrefabParentObject: {fileID: 0}
  m_PrefabInternal: {fileID: 0}
  m_GameObject: {fileID: 751178178}
  m_Enabled: 1
  m_EditorHideFlags: 0
  m_Script: {fileID: 11500000, guid: 5f4b94bdfb4165b4ab201d2d18d5a270, type: 3}
  m_Name: 
  m_EditorClassIdentifier: 
  heartSprites:
  - {fileID: 21300006, guid: cd5dca253f878d849922059e1edfa26f, type: 3}
  - {fileID: 21300004, guid: cd5dca253f878d849922059e1edfa26f, type: 3}
  - {fileID: 21300002, guid: cd5dca253f878d849922059e1edfa26f, type: 3}
  - {fileID: 21300000, guid: cd5dca253f878d849922059e1edfa26f, type: 3}
  healthUI: {fileID: 606457120}
--- !u!1 &787314521
GameObject:
  m_ObjectHideFlags: 0
  m_PrefabParentObject: {fileID: 0}
  m_PrefabInternal: {fileID: 0}
  serializedVersion: 5
  m_Component:
  - component: {fileID: 787314523}
  - component: {fileID: 787314522}
  m_Layer: 0
  m_Name: Spawner
  m_TagString: GameController
  m_Icon: {fileID: 0}
  m_NavMeshLayer: 0
  m_StaticEditorFlags: 0
  m_IsActive: 1
--- !u!114 &787314522
MonoBehaviour:
  m_ObjectHideFlags: 0
  m_PrefabParentObject: {fileID: 0}
  m_PrefabInternal: {fileID: 0}
  m_GameObject: {fileID: 787314521}
  m_Enabled: 1
  m_EditorHideFlags: 0
  m_Script: {fileID: 11500000, guid: 5eb917e7bd27d9542ba91b6cb9cf7a23, type: 3}
  m_Name: 
  m_EditorClassIdentifier: 
  waves:
  - name: Wave 1
    enemy: {fileID: 4843338622006396, guid: ee9922ace5c9ad442bfdcd482cb3efae, type: 2}
    count: 3
    rate: 1
  - name: Wave 2
    enemy: {fileID: 4843338622006396, guid: ee9922ace5c9ad442bfdcd482cb3efae, type: 2}
    count: 3
    rate: 1
  spawnPoints:
  - {fileID: 1087917334}
  - {fileID: 1707853273}
  timeBetweenWaves: 2
  waveCountdown: 0
  winScreenUI: {fileID: 2029925496}
--- !u!4 &787314523
Transform:
  m_ObjectHideFlags: 0
  m_PrefabParentObject: {fileID: 0}
  m_PrefabInternal: {fileID: 0}
  m_GameObject: {fileID: 787314521}
  m_LocalRotation: {x: 0, y: 0, z: 0, w: 1}
  m_LocalPosition: {x: 0.426481, y: 0, z: -10}
  m_LocalScale: {x: 1, y: 1, z: 1}
  m_Children:
  - {fileID: 1087917334}
  - {fileID: 1707853273}
  m_Father: {fileID: 0}
  m_RootOrder: 4
  m_LocalEulerAnglesHint: {x: 0, y: 0, z: 0}
--- !u!4 &795189030 stripped
Transform:
  m_PrefabParentObject: {fileID: 4366698149562882, guid: 3e2a0f55b080e284a83b76a5fef09bdb,
    type: 2}
  m_PrefabInternal: {fileID: 884439719}
--- !u!1001 &800430633
Prefab:
  m_ObjectHideFlags: 0
  serializedVersion: 2
  m_Modification:
    m_TransformParent: {fileID: 436014330}
    m_Modifications:
    - target: {fileID: 4366698149562882, guid: 3e2a0f55b080e284a83b76a5fef09bdb, type: 2}
      propertyPath: m_LocalPosition.x
      value: -11.76
      objectReference: {fileID: 0}
    - target: {fileID: 4366698149562882, guid: 3e2a0f55b080e284a83b76a5fef09bdb, type: 2}
      propertyPath: m_LocalPosition.y
      value: -4.31
      objectReference: {fileID: 0}
    - target: {fileID: 4366698149562882, guid: 3e2a0f55b080e284a83b76a5fef09bdb, type: 2}
      propertyPath: m_LocalPosition.z
      value: 0.13215296
      objectReference: {fileID: 0}
    - target: {fileID: 4366698149562882, guid: 3e2a0f55b080e284a83b76a5fef09bdb, type: 2}
      propertyPath: m_LocalRotation.x
      value: -0
      objectReference: {fileID: 0}
    - target: {fileID: 4366698149562882, guid: 3e2a0f55b080e284a83b76a5fef09bdb, type: 2}
      propertyPath: m_LocalRotation.y
      value: -0
      objectReference: {fileID: 0}
    - target: {fileID: 4366698149562882, guid: 3e2a0f55b080e284a83b76a5fef09bdb, type: 2}
      propertyPath: m_LocalRotation.z
      value: -0
      objectReference: {fileID: 0}
    - target: {fileID: 4366698149562882, guid: 3e2a0f55b080e284a83b76a5fef09bdb, type: 2}
      propertyPath: m_LocalRotation.w
      value: 1
      objectReference: {fileID: 0}
    - target: {fileID: 4366698149562882, guid: 3e2a0f55b080e284a83b76a5fef09bdb, type: 2}
      propertyPath: m_RootOrder
      value: 0
      objectReference: {fileID: 0}
    - target: {fileID: 4366698149562882, guid: 3e2a0f55b080e284a83b76a5fef09bdb, type: 2}
      propertyPath: m_LocalScale.x
      value: 0.9982858
      objectReference: {fileID: 0}
    - target: {fileID: 4366698149562882, guid: 3e2a0f55b080e284a83b76a5fef09bdb, type: 2}
      propertyPath: m_LocalScale.y
      value: 1
      objectReference: {fileID: 0}
    - target: {fileID: 4366698149562882, guid: 3e2a0f55b080e284a83b76a5fef09bdb, type: 2}
      propertyPath: m_LocalScale.z
      value: 1
      objectReference: {fileID: 0}
    - target: {fileID: 61135999633352852, guid: 3e2a0f55b080e284a83b76a5fef09bdb,
        type: 2}
      propertyPath: m_Offset.x
      value: 0.0077342987
      objectReference: {fileID: 0}
    - target: {fileID: 61135999633352852, guid: 3e2a0f55b080e284a83b76a5fef09bdb,
        type: 2}
      propertyPath: m_Size.x
      value: 9.293589
      objectReference: {fileID: 0}
    - target: {fileID: 61135999633352852, guid: 3e2a0f55b080e284a83b76a5fef09bdb,
        type: 2}
      propertyPath: m_Offset.y
      value: 0
      objectReference: {fileID: 0}
    - target: {fileID: 61135999633352852, guid: 3e2a0f55b080e284a83b76a5fef09bdb,
        type: 2}
      propertyPath: m_Size.y
      value: 0.90663815
      objectReference: {fileID: 0}
    - target: {fileID: 1961977170486974, guid: 3e2a0f55b080e284a83b76a5fef09bdb, type: 2}
      propertyPath: m_Name
      value: drop_through (bottom_left)
      objectReference: {fileID: 0}
    m_RemovedComponents: []
  m_ParentPrefab: {fileID: 100100000, guid: 3e2a0f55b080e284a83b76a5fef09bdb, type: 2}
  m_IsPrefabParent: 0
--- !u!1 &822056919 stripped
GameObject:
  m_PrefabParentObject: {fileID: 1084553825800066, guid: a7489d147796c9e478af98f19b00240e,
    type: 2}
  m_PrefabInternal: {fileID: 1930261703}
--- !u!95 &822056920
Animator:
  serializedVersion: 3
  m_ObjectHideFlags: 0
  m_PrefabParentObject: {fileID: 0}
  m_PrefabInternal: {fileID: 0}
  m_GameObject: {fileID: 822056919}
  m_Enabled: 1
  m_Avatar: {fileID: 0}
  m_Controller: {fileID: 9100000, guid: e11b47c1e73f4fc40952e6ef4d40fe6c, type: 2}
  m_CullingMode: 0
  m_UpdateMode: 0
  m_ApplyRootMotion: 0
  m_LinearVelocityBlending: 0
  m_WarningMessage: 
  m_HasTransformHierarchy: 1
  m_AllowConstantClipSamplingOptimization: 1
--- !u!111 &822056925
Animation:
  m_ObjectHideFlags: 0
  m_PrefabParentObject: {fileID: 0}
  m_PrefabInternal: {fileID: 0}
  m_GameObject: {fileID: 822056919}
  m_Enabled: 1
  serializedVersion: 3
  m_Animation: {fileID: 7400000, guid: 92f8ab25964546d4489b2859982ed0d3, type: 2}
  m_Animations:
  - {fileID: 7400000, guid: 92f8ab25964546d4489b2859982ed0d3, type: 2}
  m_WrapMode: 0
  m_PlayAutomatically: 0
  m_AnimatePhysics: 0
  m_CullingType: 0
--- !u!1001 &884439719
Prefab:
  m_ObjectHideFlags: 0
  serializedVersion: 2
  m_Modification:
    m_TransformParent: {fileID: 436014330}
    m_Modifications:
    - target: {fileID: 4366698149562882, guid: 3e2a0f55b080e284a83b76a5fef09bdb, type: 2}
      propertyPath: m_LocalPosition.x
      value: -10.83
      objectReference: {fileID: 0}
    - target: {fileID: 4366698149562882, guid: 3e2a0f55b080e284a83b76a5fef09bdb, type: 2}
      propertyPath: m_LocalPosition.y
      value: 8.98
      objectReference: {fileID: 0}
    - target: {fileID: 4366698149562882, guid: 3e2a0f55b080e284a83b76a5fef09bdb, type: 2}
      propertyPath: m_LocalPosition.z
      value: 0.13215296
      objectReference: {fileID: 0}
    - target: {fileID: 4366698149562882, guid: 3e2a0f55b080e284a83b76a5fef09bdb, type: 2}
      propertyPath: m_LocalRotation.x
      value: -0
      objectReference: {fileID: 0}
    - target: {fileID: 4366698149562882, guid: 3e2a0f55b080e284a83b76a5fef09bdb, type: 2}
      propertyPath: m_LocalRotation.y
      value: -0
      objectReference: {fileID: 0}
    - target: {fileID: 4366698149562882, guid: 3e2a0f55b080e284a83b76a5fef09bdb, type: 2}
      propertyPath: m_LocalRotation.z
      value: -0
      objectReference: {fileID: 0}
    - target: {fileID: 4366698149562882, guid: 3e2a0f55b080e284a83b76a5fef09bdb, type: 2}
      propertyPath: m_LocalRotation.w
      value: 1
      objectReference: {fileID: 0}
    - target: {fileID: 4366698149562882, guid: 3e2a0f55b080e284a83b76a5fef09bdb, type: 2}
      propertyPath: m_RootOrder
      value: 8
      objectReference: {fileID: 0}
    - target: {fileID: 4366698149562882, guid: 3e2a0f55b080e284a83b76a5fef09bdb, type: 2}
      propertyPath: m_LocalScale.x
      value: 0.99829
      objectReference: {fileID: 0}
    - target: {fileID: 4366698149562882, guid: 3e2a0f55b080e284a83b76a5fef09bdb, type: 2}
      propertyPath: m_LocalScale.y
      value: 1
      objectReference: {fileID: 0}
    - target: {fileID: 4366698149562882, guid: 3e2a0f55b080e284a83b76a5fef09bdb, type: 2}
      propertyPath: m_LocalScale.z
      value: 1
      objectReference: {fileID: 0}
    - target: {fileID: 61135999633352852, guid: 3e2a0f55b080e284a83b76a5fef09bdb,
        type: 2}
      propertyPath: m_Offset.x
      value: 0.0077342987
      objectReference: {fileID: 0}
    - target: {fileID: 61135999633352852, guid: 3e2a0f55b080e284a83b76a5fef09bdb,
        type: 2}
      propertyPath: m_Size.x
      value: 9.293589
      objectReference: {fileID: 0}
    - target: {fileID: 61135999633352852, guid: 3e2a0f55b080e284a83b76a5fef09bdb,
        type: 2}
      propertyPath: m_Offset.y
      value: 0
      objectReference: {fileID: 0}
    - target: {fileID: 61135999633352852, guid: 3e2a0f55b080e284a83b76a5fef09bdb,
        type: 2}
      propertyPath: m_Size.y
      value: 0.90663815
      objectReference: {fileID: 0}
    - target: {fileID: 1961977170486974, guid: 3e2a0f55b080e284a83b76a5fef09bdb, type: 2}
      propertyPath: m_Name
      value: drop_through (top_left)
      objectReference: {fileID: 0}
    m_RemovedComponents: []
  m_ParentPrefab: {fileID: 100100000, guid: 3e2a0f55b080e284a83b76a5fef09bdb, type: 2}
  m_IsPrefabParent: 0
--- !u!4 &970204101 stripped
Transform:
  m_PrefabParentObject: {fileID: 4366698149562882, guid: 3e2a0f55b080e284a83b76a5fef09bdb,
    type: 2}
  m_PrefabInternal: {fileID: 1881054622}
--- !u!4 &986386285 stripped
Transform:
  m_PrefabParentObject: {fileID: 4366698149562882, guid: 3e2a0f55b080e284a83b76a5fef09bdb,
    type: 2}
  m_PrefabInternal: {fileID: 2146677624}
--- !u!1 &999495739
GameObject:
  m_ObjectHideFlags: 0
  m_PrefabParentObject: {fileID: 0}
  m_PrefabInternal: {fileID: 0}
  serializedVersion: 5
  m_Component:
  - component: {fileID: 999495740}
  - component: {fileID: 999495742}
  - component: {fileID: 999495741}
  m_Layer: 5
  m_Name: Text
  m_TagString: Untagged
  m_Icon: {fileID: 0}
  m_NavMeshLayer: 0
  m_StaticEditorFlags: 0
  m_IsActive: 1
--- !u!224 &999495740
RectTransform:
  m_ObjectHideFlags: 0
  m_PrefabParentObject: {fileID: 0}
  m_PrefabInternal: {fileID: 0}
  m_GameObject: {fileID: 999495739}
  m_LocalRotation: {x: 0, y: 0, z: 0, w: 1}
  m_LocalPosition: {x: 0, y: 0, z: 0}
  m_LocalScale: {x: 1, y: 1, z: 1}
  m_Children: []
  m_Father: {fileID: 1679991589}
  m_RootOrder: 0
  m_LocalEulerAnglesHint: {x: 0, y: 0, z: 0}
  m_AnchorMin: {x: 0, y: 0}
  m_AnchorMax: {x: 1, y: 1}
  m_AnchoredPosition: {x: 0, y: 0}
  m_SizeDelta: {x: 0, y: 0}
  m_Pivot: {x: 0.5, y: 0.5}
--- !u!114 &999495741
MonoBehaviour:
  m_ObjectHideFlags: 0
  m_PrefabParentObject: {fileID: 0}
  m_PrefabInternal: {fileID: 0}
  m_GameObject: {fileID: 999495739}
  m_Enabled: 1
  m_EditorHideFlags: 0
  m_Script: {fileID: 708705254, guid: f70555f144d8491a825f0804e09c671c, type: 3}
  m_Name: 
  m_EditorClassIdentifier: 
  m_Material: {fileID: 0}
  m_Color: {r: 0.19607843, g: 0.19607843, b: 0.19607843, a: 1}
  m_RaycastTarget: 1
  m_OnCullStateChanged:
    m_PersistentCalls:
      m_Calls: []
    m_TypeName: UnityEngine.UI.MaskableGraphic+CullStateChangedEvent, UnityEngine.UI,
      Version=1.0.0.0, Culture=neutral, PublicKeyToken=null
  m_FontData:
    m_Font: {fileID: 10102, guid: 0000000000000000e000000000000000, type: 0}
    m_FontSize: 14
    m_FontStyle: 0
    m_BestFit: 0
    m_MinSize: 10
    m_MaxSize: 40
    m_Alignment: 4
    m_AlignByGeometry: 0
    m_RichText: 1
    m_HorizontalOverflow: 0
    m_VerticalOverflow: 0
    m_LineSpacing: 1
  m_Text: Restart
--- !u!222 &999495742
CanvasRenderer:
  m_ObjectHideFlags: 0
  m_PrefabParentObject: {fileID: 0}
  m_PrefabInternal: {fileID: 0}
  m_GameObject: {fileID: 999495739}
--- !u!4 &1087917334 stripped
Transform:
  m_PrefabParentObject: {fileID: 4440377525634578, guid: d3a05d52ef75f17408cae066d390999a,
    type: 2}
  m_PrefabInternal: {fileID: 1248579368}
--- !u!1 &1133074807
GameObject:
  m_ObjectHideFlags: 0
  m_PrefabParentObject: {fileID: 0}
  m_PrefabInternal: {fileID: 0}
  serializedVersion: 5
  m_Component:
  - component: {fileID: 1133074808}
  - component: {fileID: 1133074810}
  - component: {fileID: 1133074809}
  - component: {fileID: 1133074811}
  m_Layer: 5
  m_Name: Background
  m_TagString: Untagged
  m_Icon: {fileID: 0}
  m_NavMeshLayer: 0
  m_StaticEditorFlags: 0
  m_IsActive: 1
--- !u!224 &1133074808
RectTransform:
  m_ObjectHideFlags: 0
  m_PrefabParentObject: {fileID: 0}
  m_PrefabInternal: {fileID: 0}
  m_GameObject: {fileID: 1133074807}
  m_LocalRotation: {x: 0, y: 0, z: 0, w: 1}
  m_LocalPosition: {x: 0, y: 0, z: 0}
  m_LocalScale: {x: 1, y: 1, z: 1}
  m_Children: []
  m_Father: {fileID: 1390854865}
  m_RootOrder: 0
  m_LocalEulerAnglesHint: {x: 0, y: 0, z: 0}
  m_AnchorMin: {x: 0, y: 0}
  m_AnchorMax: {x: 1, y: 1}
  m_AnchoredPosition: {x: 0, y: 0}
  m_SizeDelta: {x: 0, y: 0}
  m_Pivot: {x: 0.5, y: 0.5}
--- !u!114 &1133074809
MonoBehaviour:
  m_ObjectHideFlags: 0
  m_PrefabParentObject: {fileID: 0}
  m_PrefabInternal: {fileID: 0}
  m_GameObject: {fileID: 1133074807}
  m_Enabled: 1
  m_EditorHideFlags: 0
  m_Script: {fileID: -765806418, guid: f70555f144d8491a825f0804e09c671c, type: 3}
  m_Name: 
  m_EditorClassIdentifier: 
  m_Material: {fileID: 0}
  m_Color: {r: 1, g: 1, b: 1, a: 0.78}
  m_RaycastTarget: 1
  m_OnCullStateChanged:
    m_PersistentCalls:
      m_Calls: []
    m_TypeName: UnityEngine.UI.MaskableGraphic+CullStateChangedEvent, UnityEngine.UI,
      Version=1.0.0.0, Culture=neutral, PublicKeyToken=null
  m_Sprite: {fileID: 21300000, guid: bc000e0e8ab4b9d4a990d44c8303b370, type: 3}
  m_Type: 0
  m_PreserveAspect: 0
  m_FillCenter: 1
  m_FillMethod: 4
  m_FillAmount: 1
  m_FillClockwise: 1
  m_FillOrigin: 0
--- !u!222 &1133074810
CanvasRenderer:
  m_ObjectHideFlags: 0
  m_PrefabParentObject: {fileID: 0}
  m_PrefabInternal: {fileID: 0}
  m_GameObject: {fileID: 1133074807}
--- !u!225 &1133074811
CanvasGroup:
  m_ObjectHideFlags: 0
  m_PrefabParentObject: {fileID: 0}
  m_PrefabInternal: {fileID: 0}
  m_GameObject: {fileID: 1133074807}
  m_Enabled: 1
  m_Alpha: 0
  m_Interactable: 1
  m_BlocksRaycasts: 1
  m_IgnoreParentGroups: 0
--- !u!1001 &1248579368
Prefab:
  m_ObjectHideFlags: 0
  serializedVersion: 2
  m_Modification:
    m_TransformParent: {fileID: 787314523}
    m_Modifications:
    - target: {fileID: 4440377525634578, guid: d3a05d52ef75f17408cae066d390999a, type: 2}
      propertyPath: m_LocalPosition.x
      value: -16.52
      objectReference: {fileID: 0}
    - target: {fileID: 4440377525634578, guid: d3a05d52ef75f17408cae066d390999a, type: 2}
      propertyPath: m_LocalPosition.y
      value: 8.23
      objectReference: {fileID: 0}
    - target: {fileID: 4440377525634578, guid: d3a05d52ef75f17408cae066d390999a, type: 2}
      propertyPath: m_LocalPosition.z
      value: 10
      objectReference: {fileID: 0}
    - target: {fileID: 4440377525634578, guid: d3a05d52ef75f17408cae066d390999a, type: 2}
      propertyPath: m_LocalRotation.x
      value: -0
      objectReference: {fileID: 0}
    - target: {fileID: 4440377525634578, guid: d3a05d52ef75f17408cae066d390999a, type: 2}
      propertyPath: m_LocalRotation.y
      value: -0
      objectReference: {fileID: 0}
    - target: {fileID: 4440377525634578, guid: d3a05d52ef75f17408cae066d390999a, type: 2}
      propertyPath: m_LocalRotation.z
      value: -0
      objectReference: {fileID: 0}
    - target: {fileID: 4440377525634578, guid: d3a05d52ef75f17408cae066d390999a, type: 2}
      propertyPath: m_LocalRotation.w
      value: 1
      objectReference: {fileID: 0}
    - target: {fileID: 4440377525634578, guid: d3a05d52ef75f17408cae066d390999a, type: 2}
      propertyPath: m_RootOrder
      value: 0
      objectReference: {fileID: 0}
    - target: {fileID: 1024187388118576, guid: d3a05d52ef75f17408cae066d390999a, type: 2}
      propertyPath: m_Name
      value: TestSpawnPoint1
      objectReference: {fileID: 0}
    m_RemovedComponents: []
  m_ParentPrefab: {fileID: 100100000, guid: d3a05d52ef75f17408cae066d390999a, type: 2}
  m_IsPrefabParent: 0
--- !u!4 &1267979153 stripped
Transform:
  m_PrefabParentObject: {fileID: 4366698149562882, guid: 3e2a0f55b080e284a83b76a5fef09bdb,
    type: 2}
  m_PrefabInternal: {fileID: 436439607}
--- !u!1001 &1270605930
Prefab:
  m_ObjectHideFlags: 0
  serializedVersion: 2
  m_Modification:
    m_TransformParent: {fileID: 436014330}
    m_Modifications:
    - target: {fileID: 4366698149562882, guid: 3e2a0f55b080e284a83b76a5fef09bdb, type: 2}
      propertyPath: m_LocalPosition.x
      value: -21.56
      objectReference: {fileID: 0}
    - target: {fileID: 4366698149562882, guid: 3e2a0f55b080e284a83b76a5fef09bdb, type: 2}
      propertyPath: m_LocalPosition.y
      value: 0.01
      objectReference: {fileID: 0}
    - target: {fileID: 4366698149562882, guid: 3e2a0f55b080e284a83b76a5fef09bdb, type: 2}
      propertyPath: m_LocalPosition.z
      value: 0.13215296
      objectReference: {fileID: 0}
    - target: {fileID: 4366698149562882, guid: 3e2a0f55b080e284a83b76a5fef09bdb, type: 2}
      propertyPath: m_LocalRotation.x
      value: -0
      objectReference: {fileID: 0}
    - target: {fileID: 4366698149562882, guid: 3e2a0f55b080e284a83b76a5fef09bdb, type: 2}
      propertyPath: m_LocalRotation.y
      value: -0
      objectReference: {fileID: 0}
    - target: {fileID: 4366698149562882, guid: 3e2a0f55b080e284a83b76a5fef09bdb, type: 2}
      propertyPath: m_LocalRotation.z
      value: -0
      objectReference: {fileID: 0}
    - target: {fileID: 4366698149562882, guid: 3e2a0f55b080e284a83b76a5fef09bdb, type: 2}
      propertyPath: m_LocalRotation.w
      value: 1
      objectReference: {fileID: 0}
    - target: {fileID: 4366698149562882, guid: 3e2a0f55b080e284a83b76a5fef09bdb, type: 2}
      propertyPath: m_RootOrder
      value: 1
      objectReference: {fileID: 0}
    - target: {fileID: 4366698149562882, guid: 3e2a0f55b080e284a83b76a5fef09bdb, type: 2}
      propertyPath: m_LocalScale.x
      value: 0.99829
      objectReference: {fileID: 0}
    - target: {fileID: 4366698149562882, guid: 3e2a0f55b080e284a83b76a5fef09bdb, type: 2}
      propertyPath: m_LocalScale.y
      value: 1
      objectReference: {fileID: 0}
    - target: {fileID: 4366698149562882, guid: 3e2a0f55b080e284a83b76a5fef09bdb, type: 2}
      propertyPath: m_LocalScale.z
      value: 1
      objectReference: {fileID: 0}
    - target: {fileID: 61135999633352852, guid: 3e2a0f55b080e284a83b76a5fef09bdb,
        type: 2}
      propertyPath: m_Offset.x
      value: 0.0077342987
      objectReference: {fileID: 0}
    - target: {fileID: 61135999633352852, guid: 3e2a0f55b080e284a83b76a5fef09bdb,
        type: 2}
      propertyPath: m_Size.x
      value: 9.293589
      objectReference: {fileID: 0}
    - target: {fileID: 61135999633352852, guid: 3e2a0f55b080e284a83b76a5fef09bdb,
        type: 2}
      propertyPath: m_Offset.y
      value: 0
      objectReference: {fileID: 0}
    - target: {fileID: 61135999633352852, guid: 3e2a0f55b080e284a83b76a5fef09bdb,
        type: 2}
      propertyPath: m_Size.y
      value: 0.90663815
      objectReference: {fileID: 0}
    - target: {fileID: 1961977170486974, guid: 3e2a0f55b080e284a83b76a5fef09bdb, type: 2}
      propertyPath: m_Name
      value: drop_through (lower_mid_left)
      objectReference: {fileID: 0}
    m_RemovedComponents: []
  m_ParentPrefab: {fileID: 100100000, guid: 3e2a0f55b080e284a83b76a5fef09bdb, type: 2}
  m_IsPrefabParent: 0
--- !u!4 &1281153364 stripped
Transform:
  m_PrefabParentObject: {fileID: 4366698149562882, guid: 3e2a0f55b080e284a83b76a5fef09bdb,
    type: 2}
  m_PrefabInternal: {fileID: 1338863200}
--- !u!1001 &1338863200
Prefab:
  m_ObjectHideFlags: 0
  serializedVersion: 2
  m_Modification:
    m_TransformParent: {fileID: 436014330}
    m_Modifications:
    - target: {fileID: 4366698149562882, guid: 3e2a0f55b080e284a83b76a5fef09bdb, type: 2}
      propertyPath: m_LocalPosition.x
      value: 16.4
      objectReference: {fileID: 0}
    - target: {fileID: 4366698149562882, guid: 3e2a0f55b080e284a83b76a5fef09bdb, type: 2}
      propertyPath: m_LocalPosition.y
      value: 0.00999999
      objectReference: {fileID: 0}
    - target: {fileID: 4366698149562882, guid: 3e2a0f55b080e284a83b76a5fef09bdb, type: 2}
      propertyPath: m_LocalPosition.z
      value: 0.13215296
      objectReference: {fileID: 0}
    - target: {fileID: 4366698149562882, guid: 3e2a0f55b080e284a83b76a5fef09bdb, type: 2}
      propertyPath: m_LocalRotation.x
      value: -0
      objectReference: {fileID: 0}
    - target: {fileID: 4366698149562882, guid: 3e2a0f55b080e284a83b76a5fef09bdb, type: 2}
      propertyPath: m_LocalRotation.y
      value: -0
      objectReference: {fileID: 0}
    - target: {fileID: 4366698149562882, guid: 3e2a0f55b080e284a83b76a5fef09bdb, type: 2}
      propertyPath: m_LocalRotation.z
      value: -0
      objectReference: {fileID: 0}
    - target: {fileID: 4366698149562882, guid: 3e2a0f55b080e284a83b76a5fef09bdb, type: 2}
      propertyPath: m_LocalRotation.w
      value: 1
      objectReference: {fileID: 0}
    - target: {fileID: 4366698149562882, guid: 3e2a0f55b080e284a83b76a5fef09bdb, type: 2}
      propertyPath: m_RootOrder
      value: 2
      objectReference: {fileID: 0}
    - target: {fileID: 4366698149562882, guid: 3e2a0f55b080e284a83b76a5fef09bdb, type: 2}
      propertyPath: m_LocalScale.x
      value: 0.99829
      objectReference: {fileID: 0}
    - target: {fileID: 4366698149562882, guid: 3e2a0f55b080e284a83b76a5fef09bdb, type: 2}
      propertyPath: m_LocalScale.y
      value: 1
      objectReference: {fileID: 0}
    - target: {fileID: 4366698149562882, guid: 3e2a0f55b080e284a83b76a5fef09bdb, type: 2}
      propertyPath: m_LocalScale.z
      value: 1
      objectReference: {fileID: 0}
    - target: {fileID: 61135999633352852, guid: 3e2a0f55b080e284a83b76a5fef09bdb,
        type: 2}
      propertyPath: m_Offset.x
      value: 0.0077342987
      objectReference: {fileID: 0}
    - target: {fileID: 61135999633352852, guid: 3e2a0f55b080e284a83b76a5fef09bdb,
        type: 2}
      propertyPath: m_Size.x
      value: 9.293589
      objectReference: {fileID: 0}
    - target: {fileID: 61135999633352852, guid: 3e2a0f55b080e284a83b76a5fef09bdb,
        type: 2}
      propertyPath: m_Offset.y
      value: 0
      objectReference: {fileID: 0}
    - target: {fileID: 61135999633352852, guid: 3e2a0f55b080e284a83b76a5fef09bdb,
        type: 2}
      propertyPath: m_Size.y
      value: 0.90663815
      objectReference: {fileID: 0}
    - target: {fileID: 1961977170486974, guid: 3e2a0f55b080e284a83b76a5fef09bdb, type: 2}
      propertyPath: m_Name
      value: drop_through (lower_mid_right)
      objectReference: {fileID: 0}
    m_RemovedComponents: []
  m_ParentPrefab: {fileID: 100100000, guid: 3e2a0f55b080e284a83b76a5fef09bdb, type: 2}
  m_IsPrefabParent: 0
--- !u!1 &1390854864
GameObject:
  m_ObjectHideFlags: 0
  m_PrefabParentObject: {fileID: 0}
  m_PrefabInternal: {fileID: 0}
  serializedVersion: 5
  m_Component:
  - component: {fileID: 1390854865}
  - component: {fileID: 1390854866}
  - component: {fileID: 1390854868}
  - component: {fileID: 1390854867}
  m_Layer: 5
  m_Name: GameOver
  m_TagString: Untagged
  m_Icon: {fileID: 0}
  m_NavMeshLayer: 0
  m_StaticEditorFlags: 0
  m_IsActive: 0
--- !u!224 &1390854865
RectTransform:
  m_ObjectHideFlags: 0
  m_PrefabParentObject: {fileID: 0}
  m_PrefabInternal: {fileID: 0}
  m_GameObject: {fileID: 1390854864}
  m_LocalRotation: {x: 0, y: 0, z: 0, w: 1}
  m_LocalPosition: {x: 0, y: 0, z: 0}
  m_LocalScale: {x: 1, y: 1, z: 1}
  m_Children:
  - {fileID: 1133074808}
  - {fileID: 1679991589}
  m_Father: {fileID: 1551442128}
  m_RootOrder: 1
  m_LocalEulerAnglesHint: {x: 0, y: 0, z: 0}
  m_AnchorMin: {x: 0, y: 0}
  m_AnchorMax: {x: 1, y: 1}
  m_AnchoredPosition: {x: 0, y: 0}
  m_SizeDelta: {x: 0, y: 0}
  m_Pivot: {x: 0.5, y: 0.5}
--- !u!114 &1390854866
MonoBehaviour:
  m_ObjectHideFlags: 0
  m_PrefabParentObject: {fileID: 0}
  m_PrefabInternal: {fileID: 0}
  m_GameObject: {fileID: 1390854864}
  m_Enabled: 1
  m_EditorHideFlags: 0
  m_Script: {fileID: 11500000, guid: a8c091d5e31914c489705685b189680e, type: 3}
  m_Name: 
  m_EditorClassIdentifier: 
--- !u!95 &1390854867
Animator:
  serializedVersion: 3
  m_ObjectHideFlags: 0
  m_PrefabParentObject: {fileID: 0}
  m_PrefabInternal: {fileID: 0}
  m_GameObject: {fileID: 1390854864}
  m_Enabled: 1
  m_Avatar: {fileID: 0}
  m_Controller: {fileID: 9100000, guid: f40523d96206c624e8e7049b9fe60fbc, type: 2}
  m_CullingMode: 0
  m_UpdateMode: 2
  m_ApplyRootMotion: 0
  m_LinearVelocityBlending: 0
  m_WarningMessage: 
  m_HasTransformHierarchy: 1
  m_AllowConstantClipSamplingOptimization: 1
--- !u!225 &1390854868
CanvasGroup:
  m_ObjectHideFlags: 0
  m_PrefabParentObject: {fileID: 0}
  m_PrefabInternal: {fileID: 0}
  m_GameObject: {fileID: 1390854864}
  m_Enabled: 1
  m_Alpha: 1
  m_Interactable: 1
  m_BlocksRaycasts: 1
  m_IgnoreParentGroups: 0
--- !u!4 &1410210080 stripped
Transform:
  m_PrefabParentObject: {fileID: 4366698149562882, guid: 3e2a0f55b080e284a83b76a5fef09bdb,
    type: 2}
  m_PrefabInternal: {fileID: 1270605930}
--- !u!1 &1464584875
GameObject:
  m_ObjectHideFlags: 0
  m_PrefabParentObject: {fileID: 0}
  m_PrefabInternal: {fileID: 0}
  serializedVersion: 5
  m_Component:
  - component: {fileID: 1464584876}
  - component: {fileID: 1464584879}
  - component: {fileID: 1464584878}
  - component: {fileID: 1464584877}
  m_Layer: 5
  m_Name: Background
  m_TagString: Untagged
  m_Icon: {fileID: 0}
  m_NavMeshLayer: 0
  m_StaticEditorFlags: 0
  m_IsActive: 1
--- !u!224 &1464584876
RectTransform:
  m_ObjectHideFlags: 0
  m_PrefabParentObject: {fileID: 0}
  m_PrefabInternal: {fileID: 0}
  m_GameObject: {fileID: 1464584875}
  m_LocalRotation: {x: 0, y: 0, z: 0, w: 1}
  m_LocalPosition: {x: 0, y: 0, z: 0}
  m_LocalScale: {x: 1, y: 1, z: 1}
  m_Children: []
  m_Father: {fileID: 2029925497}
  m_RootOrder: 0
  m_LocalEulerAnglesHint: {x: 0, y: 0, z: 0}
  m_AnchorMin: {x: 0, y: 0}
  m_AnchorMax: {x: 1, y: 1}
  m_AnchoredPosition: {x: 0, y: 0}
  m_SizeDelta: {x: 0, y: 0}
  m_Pivot: {x: 0.5, y: 0.5}
--- !u!225 &1464584877
CanvasGroup:
  m_ObjectHideFlags: 0
  m_PrefabParentObject: {fileID: 0}
  m_PrefabInternal: {fileID: 0}
  m_GameObject: {fileID: 1464584875}
  m_Enabled: 1
  m_Alpha: 0
  m_Interactable: 1
  m_BlocksRaycasts: 1
  m_IgnoreParentGroups: 0
--- !u!114 &1464584878
MonoBehaviour:
  m_ObjectHideFlags: 0
  m_PrefabParentObject: {fileID: 0}
  m_PrefabInternal: {fileID: 0}
  m_GameObject: {fileID: 1464584875}
  m_Enabled: 1
  m_EditorHideFlags: 0
  m_Script: {fileID: -765806418, guid: f70555f144d8491a825f0804e09c671c, type: 3}
  m_Name: 
  m_EditorClassIdentifier: 
  m_Material: {fileID: 0}
  m_Color: {r: 1, g: 1, b: 1, a: 1}
  m_RaycastTarget: 1
  m_OnCullStateChanged:
    m_PersistentCalls:
      m_Calls: []
    m_TypeName: UnityEngine.UI.MaskableGraphic+CullStateChangedEvent, UnityEngine.UI,
      Version=1.0.0.0, Culture=neutral, PublicKeyToken=null
  m_Sprite: {fileID: 21300000, guid: adb389873d53d7045aef76a350c2060d, type: 3}
  m_Type: 0
  m_PreserveAspect: 0
  m_FillCenter: 1
  m_FillMethod: 4
  m_FillAmount: 1
  m_FillClockwise: 1
  m_FillOrigin: 0
--- !u!222 &1464584879
CanvasRenderer:
  m_ObjectHideFlags: 0
  m_PrefabParentObject: {fileID: 0}
  m_PrefabInternal: {fileID: 0}
  m_GameObject: {fileID: 1464584875}
--- !u!1 &1551442124
GameObject:
  m_ObjectHideFlags: 0
  m_PrefabParentObject: {fileID: 0}
  m_PrefabInternal: {fileID: 0}
  serializedVersion: 5
  m_Component:
  - component: {fileID: 1551442128}
  - component: {fileID: 1551442127}
  - component: {fileID: 1551442126}
  - component: {fileID: 1551442125}
  m_Layer: 5
  m_Name: Canvas
  m_TagString: Untagged
  m_Icon: {fileID: 0}
  m_NavMeshLayer: 0
  m_StaticEditorFlags: 0
  m_IsActive: 1
--- !u!114 &1551442125
MonoBehaviour:
  m_ObjectHideFlags: 0
  m_PrefabParentObject: {fileID: 0}
  m_PrefabInternal: {fileID: 0}
  m_GameObject: {fileID: 1551442124}
  m_Enabled: 1
  m_EditorHideFlags: 0
  m_Script: {fileID: 1301386320, guid: f70555f144d8491a825f0804e09c671c, type: 3}
  m_Name: 
  m_EditorClassIdentifier: 
  m_IgnoreReversedGraphics: 1
  m_BlockingObjects: 0
  m_BlockingMask:
    serializedVersion: 2
    m_Bits: 4294967295
--- !u!114 &1551442126
MonoBehaviour:
  m_ObjectHideFlags: 0
  m_PrefabParentObject: {fileID: 0}
  m_PrefabInternal: {fileID: 0}
  m_GameObject: {fileID: 1551442124}
  m_Enabled: 1
  m_EditorHideFlags: 0
  m_Script: {fileID: 1980459831, guid: f70555f144d8491a825f0804e09c671c, type: 3}
  m_Name: 
  m_EditorClassIdentifier: 
  m_UiScaleMode: 0
  m_ReferencePixelsPerUnit: 100
  m_ScaleFactor: 1
  m_ReferenceResolution: {x: 800, y: 600}
  m_ScreenMatchMode: 0
  m_MatchWidthOrHeight: 0
  m_PhysicalUnit: 3
  m_FallbackScreenDPI: 96
  m_DefaultSpriteDPI: 96
  m_DynamicPixelsPerUnit: 1
--- !u!223 &1551442127
Canvas:
  m_ObjectHideFlags: 0
  m_PrefabParentObject: {fileID: 0}
  m_PrefabInternal: {fileID: 0}
  m_GameObject: {fileID: 1551442124}
  m_Enabled: 1
  serializedVersion: 3
  m_RenderMode: 0
  m_Camera: {fileID: 0}
  m_PlaneDistance: 100
  m_PixelPerfect: 0
  m_ReceivesEvents: 1
  m_OverrideSorting: 0
  m_OverridePixelPerfect: 0
  m_SortingBucketNormalizedSize: 0
  m_AdditionalShaderChannelsFlag: 0
  m_SortingLayerID: 0
  m_SortingOrder: 0
  m_TargetDisplay: 0
--- !u!224 &1551442128
RectTransform:
  m_ObjectHideFlags: 0
  m_PrefabParentObject: {fileID: 0}
  m_PrefabInternal: {fileID: 0}
  m_GameObject: {fileID: 1551442124}
  m_LocalRotation: {x: 0, y: 0, z: 0, w: 1}
  m_LocalPosition: {x: 0, y: 0, z: 0}
  m_LocalScale: {x: 0, y: 0, z: 0}
  m_Children:
  - {fileID: 606457119}
  - {fileID: 1390854865}
  - {fileID: 2029925497}
  - {fileID: 1686383923}
  m_Father: {fileID: 0}
  m_RootOrder: 5
  m_LocalEulerAnglesHint: {x: 0, y: 0, z: 0}
  m_AnchorMin: {x: 0, y: 0}
  m_AnchorMax: {x: 0, y: 0}
  m_AnchoredPosition: {x: 0, y: 0}
  m_SizeDelta: {x: 0, y: 0}
  m_Pivot: {x: 0, y: 0}
--- !u!1 &1626352567
GameObject:
  m_ObjectHideFlags: 0
  m_PrefabParentObject: {fileID: 0}
  m_PrefabInternal: {fileID: 0}
  serializedVersion: 5
  m_Component:
  - component: {fileID: 1626352570}
  - component: {fileID: 1626352569}
  - component: {fileID: 1626352568}
  m_Layer: 0
  m_Name: Ground
  m_TagString: Ground
  m_Icon: {fileID: 0}
  m_NavMeshLayer: 0
  m_StaticEditorFlags: 0
  m_IsActive: 1
--- !u!61 &1626352568
BoxCollider2D:
  m_ObjectHideFlags: 0
  m_PrefabParentObject: {fileID: 0}
  m_PrefabInternal: {fileID: 0}
  m_GameObject: {fileID: 1626352567}
  m_Enabled: 1
  m_Density: 1
  m_Material: {fileID: 0}
  m_IsTrigger: 0
  m_UsedByEffector: 0
  m_UsedByComposite: 0
  m_Offset: {x: 0.0000009536743, y: 0.02678287}
  m_SpriteTilingProperty:
    border: {x: 0, y: 0, z: 0, w: 0}
    pivot: {x: 0.5, y: 0.5}
    oldSize: {x: 9.31, y: 0.9}
    newSize: {x: 0.52, y: 0.52}
    adaptiveTilingThreshold: 0.5
    drawMode: 0
    adaptiveTiling: 0
  m_AutoTiling: 0
  serializedVersion: 2
  m_Size: {x: 9.298725, y: 0.8495892}
  m_EdgeRadius: 0
--- !u!212 &1626352569
SpriteRenderer:
  m_ObjectHideFlags: 0
  m_PrefabParentObject: {fileID: 0}
  m_PrefabInternal: {fileID: 0}
  m_GameObject: {fileID: 1626352567}
  m_Enabled: 1
  m_CastShadows: 0
  m_ReceiveShadows: 0
  m_MotionVectors: 1
  m_LightProbeUsage: 1
  m_ReflectionProbeUsage: 1
  m_Materials:
  - {fileID: 10754, guid: 0000000000000000f000000000000000, type: 0}
  m_StaticBatchInfo:
    firstSubMesh: 0
    subMeshCount: 0
  m_StaticBatchRoot: {fileID: 0}
  m_ProbeAnchor: {fileID: 0}
  m_LightProbeVolumeOverride: {fileID: 0}
  m_ScaleInLightmap: 1
  m_PreserveUVs: 0
  m_IgnoreNormalsForChartDetection: 0
  m_ImportantGI: 0
  m_SelectedEditorRenderState: 0
  m_MinimumChartSize: 4
  m_AutoUVMaxDistance: 0.5
  m_AutoUVMaxAngle: 89
  m_LightmapParameters: {fileID: 0}
  m_SortingLayerID: 0
  m_SortingLayer: 0
  m_SortingOrder: 0
  m_Sprite: {fileID: 21300000, guid: e5af5f38fdf2cd0428990dca36afb937, type: 3}
  m_Color: {r: 1, g: 1, b: 1, a: 1}
  m_FlipX: 0
  m_FlipY: 0
  m_DrawMode: 0
  m_Size: {x: 0.52, y: 0.52}
  m_AdaptiveModeThreshold: 0.5
  m_SpriteTileMode: 0
  m_WasSpriteAssigned: 1
  m_MaskInteraction: 0
--- !u!4 &1626352570
Transform:
  m_ObjectHideFlags: 0
  m_PrefabParentObject: {fileID: 0}
  m_PrefabInternal: {fileID: 0}
  m_GameObject: {fileID: 1626352567}
  m_LocalRotation: {x: 0, y: 0, z: 0, w: 1}
  m_LocalPosition: {x: 0.061, y: -11.7, z: 0}
  m_LocalScale: {x: 5.0878043, y: 1.6947769, z: 0.12534155}
  m_Children: []
  m_Father: {fileID: 0}
  m_RootOrder: 2
  m_LocalEulerAnglesHint: {x: 0, y: 0, z: 0}
--- !u!1 &1679991588
GameObject:
  m_ObjectHideFlags: 0
  m_PrefabParentObject: {fileID: 0}
  m_PrefabInternal: {fileID: 0}
  serializedVersion: 5
  m_Component:
  - component: {fileID: 1679991589}
  - component: {fileID: 1679991592}
  - component: {fileID: 1679991591}
  - component: {fileID: 1679991590}
  - component: {fileID: 1679991593}
  m_Layer: 5
  m_Name: RetryButton
  m_TagString: Untagged
  m_Icon: {fileID: 0}
  m_NavMeshLayer: 0
  m_StaticEditorFlags: 0
  m_IsActive: 1
--- !u!224 &1679991589
RectTransform:
  m_ObjectHideFlags: 0
  m_PrefabParentObject: {fileID: 0}
  m_PrefabInternal: {fileID: 0}
  m_GameObject: {fileID: 1679991588}
  m_LocalRotation: {x: 0, y: 0, z: 0, w: 1}
  m_LocalPosition: {x: 0, y: 0, z: 0}
  m_LocalScale: {x: 1, y: 1, z: 1}
  m_Children:
  - {fileID: 999495740}
  m_Father: {fileID: 1390854865}
  m_RootOrder: 1
  m_LocalEulerAnglesHint: {x: 0, y: 0, z: 0}
  m_AnchorMin: {x: 0.5, y: 0.5}
  m_AnchorMax: {x: 0.5, y: 0.5}
  m_AnchoredPosition: {x: 0, y: -45}
  m_SizeDelta: {x: 160, y: 30}
  m_Pivot: {x: 0.5, y: 0.5}
--- !u!114 &1679991590
MonoBehaviour:
  m_ObjectHideFlags: 0
  m_PrefabParentObject: {fileID: 0}
  m_PrefabInternal: {fileID: 0}
  m_GameObject: {fileID: 1679991588}
  m_Enabled: 1
  m_EditorHideFlags: 0
  m_Script: {fileID: 1392445389, guid: f70555f144d8491a825f0804e09c671c, type: 3}
  m_Name: 
  m_EditorClassIdentifier: 
  m_Navigation:
    m_Mode: 3
    m_SelectOnUp: {fileID: 0}
    m_SelectOnDown: {fileID: 0}
    m_SelectOnLeft: {fileID: 0}
    m_SelectOnRight: {fileID: 0}
  m_Transition: 1
  m_Colors:
    m_NormalColor: {r: 0.8897059, g: 0.7784927, b: 0.7784927, a: 0.834}
    m_HighlightedColor: {r: 0.9607843, g: 0.9607843, b: 0.9607843, a: 1}
    m_PressedColor: {r: 0.78431374, g: 0.78431374, b: 0.78431374, a: 1}
    m_DisabledColor: {r: 0.78431374, g: 0.78431374, b: 0.78431374, a: 0.5019608}
    m_ColorMultiplier: 1
    m_FadeDuration: 0.1
  m_SpriteState:
    m_HighlightedSprite: {fileID: 0}
    m_PressedSprite: {fileID: 0}
    m_DisabledSprite: {fileID: 0}
  m_AnimationTriggers:
    m_NormalTrigger: Normal
    m_HighlightedTrigger: Highlighted
    m_PressedTrigger: Pressed
    m_DisabledTrigger: Disabled
  m_Interactable: 1
  m_TargetGraphic: {fileID: 1679991591}
  m_OnClick:
    m_PersistentCalls:
      m_Calls:
      - m_Target: {fileID: 1390854866}
        m_MethodName: Restart
        m_Mode: 1
        m_Arguments:
          m_ObjectArgument: {fileID: 0}
          m_ObjectArgumentAssemblyTypeName: UnityEngine.Object, UnityEngine
          m_IntArgument: 0
          m_FloatArgument: 0
          m_StringArgument: 
          m_BoolArgument: 0
        m_CallState: 2
    m_TypeName: UnityEngine.UI.Button+ButtonClickedEvent, UnityEngine.UI, Version=1.0.0.0,
      Culture=neutral, PublicKeyToken=null
--- !u!114 &1679991591
MonoBehaviour:
  m_ObjectHideFlags: 0
  m_PrefabParentObject: {fileID: 0}
  m_PrefabInternal: {fileID: 0}
  m_GameObject: {fileID: 1679991588}
  m_Enabled: 1
  m_EditorHideFlags: 0
  m_Script: {fileID: -765806418, guid: f70555f144d8491a825f0804e09c671c, type: 3}
  m_Name: 
  m_EditorClassIdentifier: 
  m_Material: {fileID: 0}
  m_Color: {r: 1, g: 1, b: 1, a: 1}
  m_RaycastTarget: 1
  m_OnCullStateChanged:
    m_PersistentCalls:
      m_Calls: []
    m_TypeName: UnityEngine.UI.MaskableGraphic+CullStateChangedEvent, UnityEngine.UI,
      Version=1.0.0.0, Culture=neutral, PublicKeyToken=null
  m_Sprite: {fileID: 10905, guid: 0000000000000000f000000000000000, type: 0}
  m_Type: 1
  m_PreserveAspect: 0
  m_FillCenter: 1
  m_FillMethod: 4
  m_FillAmount: 1
  m_FillClockwise: 1
  m_FillOrigin: 0
--- !u!222 &1679991592
CanvasRenderer:
  m_ObjectHideFlags: 0
  m_PrefabParentObject: {fileID: 0}
  m_PrefabInternal: {fileID: 0}
  m_GameObject: {fileID: 1679991588}
--- !u!225 &1679991593
CanvasGroup:
  m_ObjectHideFlags: 0
  m_PrefabParentObject: {fileID: 0}
  m_PrefabInternal: {fileID: 0}
  m_GameObject: {fileID: 1679991588}
  m_Enabled: 1
  m_Alpha: 0
  m_Interactable: 1
  m_BlocksRaycasts: 1
  m_IgnoreParentGroups: 0
--- !u!1 &1686383922
GameObject:
  m_ObjectHideFlags: 0
  m_PrefabParentObject: {fileID: 0}
  m_PrefabInternal: {fileID: 0}
  serializedVersion: 5
  m_Component:
  - component: {fileID: 1686383923}
  - component: {fileID: 1686383926}
  - component: {fileID: 1686383925}
  - component: {fileID: 1686383924}
  m_Layer: 5
  m_Name: GameStats
  m_TagString: GameStats
  m_Icon: {fileID: 0}
  m_NavMeshLayer: 0
  m_StaticEditorFlags: 0
  m_IsActive: 1
--- !u!224 &1686383923
RectTransform:
  m_ObjectHideFlags: 0
  m_PrefabParentObject: {fileID: 0}
  m_PrefabInternal: {fileID: 0}
  m_GameObject: {fileID: 1686383922}
  m_LocalRotation: {x: 0, y: 0, z: 0, w: 1}
  m_LocalPosition: {x: 0, y: 0, z: 0}
  m_LocalScale: {x: 1, y: 1, z: 1}
  m_Children: []
  m_Father: {fileID: 1551442128}
  m_RootOrder: 3
  m_LocalEulerAnglesHint: {x: 0, y: 0, z: 0}
  m_AnchorMin: {x: 0.5, y: 0.5}
  m_AnchorMax: {x: 0.5, y: 0.5}
  m_AnchoredPosition: {x: -193.9, y: -93.25}
  m_SizeDelta: {x: 208.2, y: 186.5}
  m_Pivot: {x: 0.5, y: 0.5}
--- !u!114 &1686383924
MonoBehaviour:
  m_ObjectHideFlags: 0
  m_PrefabParentObject: {fileID: 0}
  m_PrefabInternal: {fileID: 0}
  m_GameObject: {fileID: 1686383922}
  m_Enabled: 1
  m_EditorHideFlags: 0
  m_Script: {fileID: 11500000, guid: 27a1e0e0fd18d094ca64a70af58a7d65, type: 3}
  m_Name: 
  m_EditorClassIdentifier: 
  health: 0
  timeSinceStart: 0
  statsOutput: {fileID: 1686383925}
  enemiesKilled: 0
  wavesCleared: 0
  shotsFired: 0
  shotsHit: 0
  kills: 0
--- !u!114 &1686383925
MonoBehaviour:
  m_ObjectHideFlags: 0
  m_PrefabParentObject: {fileID: 0}
  m_PrefabInternal: {fileID: 0}
  m_GameObject: {fileID: 1686383922}
  m_Enabled: 1
  m_EditorHideFlags: 0
  m_Script: {fileID: 708705254, guid: f5f67c52d1564df4a8936ccd202a3bd8, type: 3}
  m_Name: 
  m_EditorClassIdentifier: 
  m_Material: {fileID: 0}
  m_Color: {r: 1, g: 1, b: 1, a: 1}
  m_RaycastTarget: 1
  m_OnCullStateChanged:
    m_PersistentCalls:
      m_Calls: []
    m_TypeName: UnityEngine.UI.MaskableGraphic+CullStateChangedEvent, UnityEngine.UI,
      Version=1.0.0.0, Culture=neutral, PublicKeyToken=null
  m_FontData:
    m_Font: {fileID: 10102, guid: 0000000000000000e000000000000000, type: 0}
    m_FontSize: 18
    m_FontStyle: 1
    m_BestFit: 0
    m_MinSize: 10
    m_MaxSize: 40
    m_Alignment: 0
    m_AlignByGeometry: 0
    m_RichText: 1
    m_HorizontalOverflow: 0
    m_VerticalOverflow: 0
    m_LineSpacing: 1
  m_Text: 'Time: 0:00

    Waves cleared: 0

    Health: 0

    Shots fired: 0

    Shots hit: 0

    Shot Accuracy: 0

    Kill count: 0

    SCORE: 0'
--- !u!222 &1686383926
CanvasRenderer:
  m_ObjectHideFlags: 0
  m_PrefabParentObject: {fileID: 0}
  m_PrefabInternal: {fileID: 0}
  m_GameObject: {fileID: 1686383922}
--- !u!4 &1707853273 stripped
Transform:
  m_PrefabParentObject: {fileID: 4440377525634578, guid: d3a05d52ef75f17408cae066d390999a,
    type: 2}
  m_PrefabInternal: {fileID: 10757170}
--- !u!1001 &1881054622
Prefab:
  m_ObjectHideFlags: 0
  serializedVersion: 2
  m_Modification:
    m_TransformParent: {fileID: 436014330}
    m_Modifications:
    - target: {fileID: 4366698149562882, guid: 3e2a0f55b080e284a83b76a5fef09bdb, type: 2}
      propertyPath: m_LocalPosition.x
      value: 6.6
      objectReference: {fileID: 0}
    - target: {fileID: 4366698149562882, guid: 3e2a0f55b080e284a83b76a5fef09bdb, type: 2}
      propertyPath: m_LocalPosition.y
      value: -4.31
      objectReference: {fileID: 0}
    - target: {fileID: 4366698149562882, guid: 3e2a0f55b080e284a83b76a5fef09bdb, type: 2}
      propertyPath: m_LocalPosition.z
      value: 0.13215296
      objectReference: {fileID: 0}
    - target: {fileID: 4366698149562882, guid: 3e2a0f55b080e284a83b76a5fef09bdb, type: 2}
      propertyPath: m_LocalRotation.x
      value: -0
      objectReference: {fileID: 0}
    - target: {fileID: 4366698149562882, guid: 3e2a0f55b080e284a83b76a5fef09bdb, type: 2}
      propertyPath: m_LocalRotation.y
      value: -0
      objectReference: {fileID: 0}
    - target: {fileID: 4366698149562882, guid: 3e2a0f55b080e284a83b76a5fef09bdb, type: 2}
      propertyPath: m_LocalRotation.z
      value: -0
      objectReference: {fileID: 0}
    - target: {fileID: 4366698149562882, guid: 3e2a0f55b080e284a83b76a5fef09bdb, type: 2}
      propertyPath: m_LocalRotation.w
      value: 1
      objectReference: {fileID: 0}
    - target: {fileID: 4366698149562882, guid: 3e2a0f55b080e284a83b76a5fef09bdb, type: 2}
      propertyPath: m_RootOrder
      value: 5
      objectReference: {fileID: 0}
    - target: {fileID: 4366698149562882, guid: 3e2a0f55b080e284a83b76a5fef09bdb, type: 2}
      propertyPath: m_LocalScale.x
      value: 0.99829
      objectReference: {fileID: 0}
    - target: {fileID: 4366698149562882, guid: 3e2a0f55b080e284a83b76a5fef09bdb, type: 2}
      propertyPath: m_LocalScale.y
      value: 1
      objectReference: {fileID: 0}
    - target: {fileID: 4366698149562882, guid: 3e2a0f55b080e284a83b76a5fef09bdb, type: 2}
      propertyPath: m_LocalScale.z
      value: 1
      objectReference: {fileID: 0}
    - target: {fileID: 61135999633352852, guid: 3e2a0f55b080e284a83b76a5fef09bdb,
        type: 2}
      propertyPath: m_Offset.x
      value: 0.0077342987
      objectReference: {fileID: 0}
    - target: {fileID: 61135999633352852, guid: 3e2a0f55b080e284a83b76a5fef09bdb,
        type: 2}
      propertyPath: m_Size.x
      value: 9.293589
      objectReference: {fileID: 0}
    - target: {fileID: 61135999633352852, guid: 3e2a0f55b080e284a83b76a5fef09bdb,
        type: 2}
      propertyPath: m_Offset.y
      value: 0
      objectReference: {fileID: 0}
    - target: {fileID: 61135999633352852, guid: 3e2a0f55b080e284a83b76a5fef09bdb,
        type: 2}
      propertyPath: m_Size.y
      value: 0.90663815
      objectReference: {fileID: 0}
    - target: {fileID: 1961977170486974, guid: 3e2a0f55b080e284a83b76a5fef09bdb, type: 2}
      propertyPath: m_Name
      value: drop_through (bottom_right)
      objectReference: {fileID: 0}
    m_RemovedComponents: []
  m_ParentPrefab: {fileID: 100100000, guid: 3e2a0f55b080e284a83b76a5fef09bdb, type: 2}
  m_IsPrefabParent: 0
--- !u!1 &1927563825
GameObject:
  m_ObjectHideFlags: 0
  m_PrefabParentObject: {fileID: 0}
  m_PrefabInternal: {fileID: 0}
  serializedVersion: 5
  m_Component:
  - component: {fileID: 1927563828}
  - component: {fileID: 1927563827}
  - component: {fileID: 1927563826}
  m_Layer: 0
  m_Name: EventSystem
  m_TagString: Untagged
  m_Icon: {fileID: 0}
  m_NavMeshLayer: 0
  m_StaticEditorFlags: 0
  m_IsActive: 1
--- !u!114 &1927563826
MonoBehaviour:
  m_ObjectHideFlags: 0
  m_PrefabParentObject: {fileID: 0}
  m_PrefabInternal: {fileID: 0}
  m_GameObject: {fileID: 1927563825}
  m_Enabled: 1
  m_EditorHideFlags: 0
  m_Script: {fileID: 1077351063, guid: f70555f144d8491a825f0804e09c671c, type: 3}
  m_Name: 
  m_EditorClassIdentifier: 
  m_HorizontalAxis: Horizontal
  m_VerticalAxis: Vertical
  m_SubmitButton: Submit
  m_CancelButton: Cancel
  m_InputActionsPerSecond: 10
  m_RepeatDelay: 0.5
  m_ForceModuleActive: 0
--- !u!114 &1927563827
MonoBehaviour:
  m_ObjectHideFlags: 0
  m_PrefabParentObject: {fileID: 0}
  m_PrefabInternal: {fileID: 0}
  m_GameObject: {fileID: 1927563825}
  m_Enabled: 1
  m_EditorHideFlags: 0
  m_Script: {fileID: -619905303, guid: f70555f144d8491a825f0804e09c671c, type: 3}
  m_Name: 
  m_EditorClassIdentifier: 
  m_FirstSelected: {fileID: 0}
  m_sendNavigationEvents: 1
  m_DragThreshold: 5
--- !u!4 &1927563828
Transform:
  m_ObjectHideFlags: 0
  m_PrefabParentObject: {fileID: 0}
  m_PrefabInternal: {fileID: 0}
  m_GameObject: {fileID: 1927563825}
  m_LocalRotation: {x: 0, y: 0, z: 0, w: 1}
  m_LocalPosition: {x: 0, y: 0, z: 0}
  m_LocalScale: {x: 1, y: 1, z: 1}
  m_Children: []
  m_Father: {fileID: 0}
  m_RootOrder: 6
  m_LocalEulerAnglesHint: {x: 0, y: 0, z: 0}
--- !u!1001 &1930261703
Prefab:
  m_ObjectHideFlags: 0
  serializedVersion: 2
  m_Modification:
    m_TransformParent: {fileID: 0}
    m_Modifications:
    - target: {fileID: 4370507752943202, guid: a7489d147796c9e478af98f19b00240e, type: 2}
      propertyPath: m_LocalPosition.x
      value: -11.23
      objectReference: {fileID: 0}
    - target: {fileID: 4370507752943202, guid: a7489d147796c9e478af98f19b00240e, type: 2}
      propertyPath: m_LocalPosition.y
      value: -9.45
      objectReference: {fileID: 0}
    - target: {fileID: 4370507752943202, guid: a7489d147796c9e478af98f19b00240e, type: 2}
      propertyPath: m_LocalPosition.z
      value: 0
      objectReference: {fileID: 0}
    - target: {fileID: 4370507752943202, guid: a7489d147796c9e478af98f19b00240e, type: 2}
      propertyPath: m_LocalRotation.x
      value: 0
      objectReference: {fileID: 0}
    - target: {fileID: 4370507752943202, guid: a7489d147796c9e478af98f19b00240e, type: 2}
      propertyPath: m_LocalRotation.y
      value: 0
      objectReference: {fileID: 0}
    - target: {fileID: 4370507752943202, guid: a7489d147796c9e478af98f19b00240e, type: 2}
      propertyPath: m_LocalRotation.z
      value: 0
      objectReference: {fileID: 0}
    - target: {fileID: 4370507752943202, guid: a7489d147796c9e478af98f19b00240e, type: 2}
      propertyPath: m_LocalRotation.w
      value: 1
      objectReference: {fileID: 0}
    - target: {fileID: 4370507752943202, guid: a7489d147796c9e478af98f19b00240e, type: 2}
      propertyPath: m_RootOrder
      value: 3
      objectReference: {fileID: 0}
    - target: {fileID: 114248585884624866, guid: a7489d147796c9e478af98f19b00240e,
        type: 2}
      propertyPath: projectile
      value: 
      objectReference: {fileID: 1147140316129678, guid: 7190ee130515801498312e9ec38e7030,
        type: 2}
    - target: {fileID: 114248585884624866, guid: a7489d147796c9e478af98f19b00240e,
        type: 2}
      propertyPath: projectileSpeed
      value: 0.4
      objectReference: {fileID: 0}
    - target: {fileID: 114248585884624866, guid: a7489d147796c9e478af98f19b00240e,
        type: 2}
      propertyPath: fireRate
      value: 0.2
      objectReference: {fileID: 0}
    - target: {fileID: 1084553825800066, guid: a7489d147796c9e478af98f19b00240e, type: 2}
      propertyPath: m_Layer
      value: 8
      objectReference: {fileID: 0}
    - target: {fileID: 114248585884624866, guid: a7489d147796c9e478af98f19b00240e,
        type: 2}
      propertyPath: currentHealth
      value: 3
      objectReference: {fileID: 0}
    - target: {fileID: 114248585884624866, guid: a7489d147796c9e478af98f19b00240e,
        type: 2}
      propertyPath: maxHealth
      value: 3
      objectReference: {fileID: 0}
    - target: {fileID: 114248585884624866, guid: a7489d147796c9e478af98f19b00240e,
        type: 2}
      propertyPath: gameOverUI
      value: 
      objectReference: {fileID: 1390854864}
    - target: {fileID: 212252495176871886, guid: a7489d147796c9e478af98f19b00240e,
        type: 2}
      propertyPath: m_Color.r
      value: 1
      objectReference: {fileID: 0}
    - target: {fileID: 212252495176871886, guid: a7489d147796c9e478af98f19b00240e,
        type: 2}
      propertyPath: m_Color.g
      value: 1
      objectReference: {fileID: 0}
    - target: {fileID: 212252495176871886, guid: a7489d147796c9e478af98f19b00240e,
        type: 2}
      propertyPath: m_Color.b
      value: 1
      objectReference: {fileID: 0}
    - target: {fileID: 212252495176871886, guid: a7489d147796c9e478af98f19b00240e,
        type: 2}
      propertyPath: m_Sprite
      value: 
      objectReference: {fileID: 21300000, guid: c5a239e694adb4b429523c09baa9e9d2,
        type: 3}
    - target: {fileID: 4370507752943202, guid: a7489d147796c9e478af98f19b00240e, type: 2}
      propertyPath: m_LocalScale.x
      value: 0.2547201
      objectReference: {fileID: 0}
    - target: {fileID: 4370507752943202, guid: a7489d147796c9e478af98f19b00240e, type: 2}
      propertyPath: m_LocalScale.y
      value: 0.2547201
      objectReference: {fileID: 0}
    - target: {fileID: 4370507752943202, guid: a7489d147796c9e478af98f19b00240e, type: 2}
      propertyPath: m_LocalScale.z
      value: 0.5094402
      objectReference: {fileID: 0}
    - target: {fileID: 61780838212486608, guid: a7489d147796c9e478af98f19b00240e,
        type: 2}
      propertyPath: m_Offset.y
      value: 0.02487135
      objectReference: {fileID: 0}
    - target: {fileID: 61780838212486608, guid: a7489d147796c9e478af98f19b00240e,
        type: 2}
      propertyPath: m_SpriteTilingProperty.oldSize.x
      value: 6.2
      objectReference: {fileID: 0}
    - target: {fileID: 61780838212486608, guid: a7489d147796c9e478af98f19b00240e,
        type: 2}
      propertyPath: m_SpriteTilingProperty.oldSize.y
      value: 9.66
      objectReference: {fileID: 0}
    - target: {fileID: 61780838212486608, guid: a7489d147796c9e478af98f19b00240e,
        type: 2}
      propertyPath: m_Size.y
      value: 9.327886
      objectReference: {fileID: 0}
    - target: {fileID: 61780838212486608, guid: a7489d147796c9e478af98f19b00240e,
        type: 2}
      propertyPath: m_Offset.x
      value: 0.049745083
      objectReference: {fileID: 0}
    - target: {fileID: 61780838212486608, guid: a7489d147796c9e478af98f19b00240e,
        type: 2}
      propertyPath: m_Size.x
      value: 5.8001184
      objectReference: {fileID: 0}
    - target: {fileID: 50855158512562316, guid: a7489d147796c9e478af98f19b00240e,
        type: 2}
      propertyPath: m_Simulated
      value: 1
      objectReference: {fileID: 0}
    m_RemovedComponents: []
  m_ParentPrefab: {fileID: 100100000, guid: a7489d147796c9e478af98f19b00240e, type: 2}
  m_IsPrefabParent: 0
--- !u!1 &2029925496
GameObject:
  m_ObjectHideFlags: 0
  m_PrefabParentObject: {fileID: 0}
  m_PrefabInternal: {fileID: 0}
  serializedVersion: 5
  m_Component:
  - component: {fileID: 2029925497}
  - component: {fileID: 2029925500}
  - component: {fileID: 2029925498}
  - component: {fileID: 2029925499}
  m_Layer: 5
  m_Name: WinScreen
  m_TagString: Untagged
  m_Icon: {fileID: 0}
  m_NavMeshLayer: 0
  m_StaticEditorFlags: 0
  m_IsActive: 0
--- !u!224 &2029925497
RectTransform:
  m_ObjectHideFlags: 0
  m_PrefabParentObject: {fileID: 0}
  m_PrefabInternal: {fileID: 0}
  m_GameObject: {fileID: 2029925496}
  m_LocalRotation: {x: -0, y: -0, z: -0, w: 1}
  m_LocalPosition: {x: 0, y: 0, z: 0}
  m_LocalScale: {x: 1, y: 1, z: 1}
  m_Children:
  - {fileID: 1464584876}
  - {fileID: 270570954}
  m_Father: {fileID: 1551442128}
  m_RootOrder: 2
  m_LocalEulerAnglesHint: {x: 0, y: 0, z: 0}
  m_AnchorMin: {x: 0, y: 0}
  m_AnchorMax: {x: 1, y: 1}
  m_AnchoredPosition: {x: 0, y: 0}
  m_SizeDelta: {x: 0, y: 0}
  m_Pivot: {x: 0.5, y: 0.5}
--- !u!114 &2029925498
MonoBehaviour:
  m_ObjectHideFlags: 0
  m_PrefabParentObject: {fileID: 0}
  m_PrefabInternal: {fileID: 0}
  m_GameObject: {fileID: 2029925496}
  m_Enabled: 1
  m_EditorHideFlags: 0
  m_Script: {fileID: 11500000, guid: a8c091d5e31914c489705685b189680e, type: 3}
  m_Name: 
  m_EditorClassIdentifier: 
--- !u!95 &2029925499
Animator:
  serializedVersion: 3
  m_ObjectHideFlags: 0
  m_PrefabParentObject: {fileID: 0}
  m_PrefabInternal: {fileID: 0}
  m_GameObject: {fileID: 2029925496}
  m_Enabled: 1
  m_Avatar: {fileID: 0}
  m_Controller: {fileID: 9100000, guid: f40523d96206c624e8e7049b9fe60fbc, type: 2}
  m_CullingMode: 0
  m_UpdateMode: 2
  m_ApplyRootMotion: 0
  m_LinearVelocityBlending: 0
  m_WarningMessage: 
  m_HasTransformHierarchy: 1
  m_AllowConstantClipSamplingOptimization: 1
--- !u!225 &2029925500
CanvasGroup:
  m_ObjectHideFlags: 0
  m_PrefabParentObject: {fileID: 0}
  m_PrefabInternal: {fileID: 0}
  m_GameObject: {fileID: 2029925496}
  m_Enabled: 1
  m_Alpha: 1
  m_Interactable: 1
  m_BlocksRaycasts: 1
  m_IgnoreParentGroups: 0
--- !u!1 &2080062895
GameObject:
  m_ObjectHideFlags: 0
  m_PrefabParentObject: {fileID: 0}
  m_PrefabInternal: {fileID: 0}
  serializedVersion: 5
  m_Component:
  - component: {fileID: 2080062896}
  - component: {fileID: 2080062898}
  - component: {fileID: 2080062897}
  m_Layer: 5
  m_Name: Text
  m_TagString: Untagged
  m_Icon: {fileID: 0}
  m_NavMeshLayer: 0
  m_StaticEditorFlags: 0
  m_IsActive: 1
--- !u!224 &2080062896
RectTransform:
  m_ObjectHideFlags: 0
  m_PrefabParentObject: {fileID: 0}
  m_PrefabInternal: {fileID: 0}
  m_GameObject: {fileID: 2080062895}
  m_LocalRotation: {x: 0, y: 0, z: 0, w: 1}
  m_LocalPosition: {x: 0, y: 0, z: 0}
  m_LocalScale: {x: 1, y: 1, z: 1}
  m_Children: []
  m_Father: {fileID: 270570954}
  m_RootOrder: 0
  m_LocalEulerAnglesHint: {x: 0, y: 0, z: 0}
  m_AnchorMin: {x: 0, y: 0}
  m_AnchorMax: {x: 1, y: 1}
  m_AnchoredPosition: {x: 0, y: 0}
  m_SizeDelta: {x: 0, y: 0}
  m_Pivot: {x: 0.5, y: 0.5}
--- !u!114 &2080062897
MonoBehaviour:
  m_ObjectHideFlags: 0
  m_PrefabParentObject: {fileID: 0}
  m_PrefabInternal: {fileID: 0}
  m_GameObject: {fileID: 2080062895}
  m_Enabled: 1
  m_EditorHideFlags: 0
  m_Script: {fileID: 708705254, guid: f70555f144d8491a825f0804e09c671c, type: 3}
  m_Name: 
  m_EditorClassIdentifier: 
  m_Material: {fileID: 0}
  m_Color: {r: 0.19607843, g: 0.19607843, b: 0.19607843, a: 1}
  m_RaycastTarget: 1
  m_OnCullStateChanged:
    m_PersistentCalls:
      m_Calls: []
    m_TypeName: UnityEngine.UI.MaskableGraphic+CullStateChangedEvent, UnityEngine.UI,
      Version=1.0.0.0, Culture=neutral, PublicKeyToken=null
  m_FontData:
    m_Font: {fileID: 10102, guid: 0000000000000000e000000000000000, type: 0}
    m_FontSize: 14
    m_FontStyle: 0
    m_BestFit: 0
    m_MinSize: 10
    m_MaxSize: 40
    m_Alignment: 4
    m_AlignByGeometry: 0
    m_RichText: 1
    m_HorizontalOverflow: 0
    m_VerticalOverflow: 0
    m_LineSpacing: 1
  m_Text: Restart
--- !u!222 &2080062898
CanvasRenderer:
  m_ObjectHideFlags: 0
  m_PrefabParentObject: {fileID: 0}
  m_PrefabInternal: {fileID: 0}
  m_GameObject: {fileID: 2080062895}
--- !u!1001 &2146677624
Prefab:
  m_ObjectHideFlags: 0
  serializedVersion: 2
  m_Modification:
    m_TransformParent: {fileID: 436014330}
    m_Modifications:
    - target: {fileID: 4366698149562882, guid: 3e2a0f55b080e284a83b76a5fef09bdb, type: 2}
      propertyPath: m_LocalPosition.x
      value: 16.52
      objectReference: {fileID: 0}
    - target: {fileID: 4366698149562882, guid: 3e2a0f55b080e284a83b76a5fef09bdb, type: 2}
      propertyPath: m_LocalPosition.y
      value: 5.14
      objectReference: {fileID: 0}
    - target: {fileID: 4366698149562882, guid: 3e2a0f55b080e284a83b76a5fef09bdb, type: 2}
      propertyPath: m_LocalPosition.z
      value: 0.13215296
      objectReference: {fileID: 0}
    - target: {fileID: 4366698149562882, guid: 3e2a0f55b080e284a83b76a5fef09bdb, type: 2}
      propertyPath: m_LocalRotation.x
      value: -0
      objectReference: {fileID: 0}
    - target: {fileID: 4366698149562882, guid: 3e2a0f55b080e284a83b76a5fef09bdb, type: 2}
      propertyPath: m_LocalRotation.y
      value: -0
      objectReference: {fileID: 0}
    - target: {fileID: 4366698149562882, guid: 3e2a0f55b080e284a83b76a5fef09bdb, type: 2}
      propertyPath: m_LocalRotation.z
      value: -0
      objectReference: {fileID: 0}
    - target: {fileID: 4366698149562882, guid: 3e2a0f55b080e284a83b76a5fef09bdb, type: 2}
      propertyPath: m_LocalRotation.w
      value: 1
      objectReference: {fileID: 0}
    - target: {fileID: 4366698149562882, guid: 3e2a0f55b080e284a83b76a5fef09bdb, type: 2}
      propertyPath: m_RootOrder
      value: 4
      objectReference: {fileID: 0}
    - target: {fileID: 4366698149562882, guid: 3e2a0f55b080e284a83b76a5fef09bdb, type: 2}
      propertyPath: m_LocalScale.x
      value: 0.99829
      objectReference: {fileID: 0}
    - target: {fileID: 4366698149562882, guid: 3e2a0f55b080e284a83b76a5fef09bdb, type: 2}
      propertyPath: m_LocalScale.y
      value: 1
      objectReference: {fileID: 0}
    - target: {fileID: 4366698149562882, guid: 3e2a0f55b080e284a83b76a5fef09bdb, type: 2}
      propertyPath: m_LocalScale.z
      value: 1
      objectReference: {fileID: 0}
    - target: {fileID: 61135999633352852, guid: 3e2a0f55b080e284a83b76a5fef09bdb,
        type: 2}
      propertyPath: m_Offset.x
      value: 0.0077342987
      objectReference: {fileID: 0}
    - target: {fileID: 61135999633352852, guid: 3e2a0f55b080e284a83b76a5fef09bdb,
        type: 2}
      propertyPath: m_Size.x
      value: 9.293589
      objectReference: {fileID: 0}
    - target: {fileID: 61135999633352852, guid: 3e2a0f55b080e284a83b76a5fef09bdb,
        type: 2}
      propertyPath: m_Offset.y
      value: 0
      objectReference: {fileID: 0}
    - target: {fileID: 61135999633352852, guid: 3e2a0f55b080e284a83b76a5fef09bdb,
        type: 2}
      propertyPath: m_Size.y
      value: 0.90663815
      objectReference: {fileID: 0}
    - target: {fileID: 1961977170486974, guid: 3e2a0f55b080e284a83b76a5fef09bdb, type: 2}
      propertyPath: m_Name
      value: drop_through (upper_mid_right)
      objectReference: {fileID: 0}
    m_RemovedComponents: []
  m_ParentPrefab: {fileID: 100100000, guid: 3e2a0f55b080e284a83b76a5fef09bdb, type: 2}
  m_IsPrefabParent: 0
