%YAML 1.1
%TAG !u! tag:unity3d.com,2011:
--- !u!1001 &100100000
Prefab:
  m_ObjectHideFlags: 1
  serializedVersion: 2
  m_Modification:
    m_TransformParent: {fileID: 0}
    m_Modifications: []
    m_RemovedComponents: []
  m_ParentPrefab: {fileID: 0}
  m_RootGameObject: {fileID: 1177468703214290}
  m_IsPrefabParent: 1
--- !u!1 &1160999801553090
GameObject:
  m_ObjectHideFlags: 0
  m_PrefabParentObject: {fileID: 0}
  m_PrefabInternal: {fileID: 100100000}
  serializedVersion: 5
  m_Component:
  - component: {fileID: 4748828005693958}
  - component: {fileID: 61260845401690012}
  - component: {fileID: 114013296899386260}
  m_Layer: 0
  m_Name: TriggerFont
  m_TagString: Untagged
  m_Icon: {fileID: 0}
  m_NavMeshLayer: 0
  m_StaticEditorFlags: 0
  m_IsActive: 1
--- !u!1 &1177468703214290
GameObject:
  m_ObjectHideFlags: 0
  m_PrefabParentObject: {fileID: 0}
  m_PrefabInternal: {fileID: 100100000}
  serializedVersion: 5
  m_Component:
  - component: {fileID: 4917861933233080}
  - component: {fileID: 212197656637093940}
  - component: {fileID: 50152572072072158}
  - component: {fileID: 60768128590234008}
  - component: {fileID: 61572705729120520}
  - component: {fileID: 114979305746647570}
  m_Layer: 0
  m_Name: Boss
  m_TagString: Boss
  m_Icon: {fileID: 0}
  m_NavMeshLayer: 0
  m_StaticEditorFlags: 0
  m_IsActive: 1
--- !u!1 &1225709294056378
GameObject:
  m_ObjectHideFlags: 1
  m_PrefabParentObject: {fileID: 0}
  m_PrefabInternal: {fileID: 100100000}
  serializedVersion: 5
  m_Component:
  - component: {fileID: 4318621396393312}
  m_Layer: 0
  m_Name: GameObject
  m_TagString: Untagged
  m_Icon: {fileID: 0}
  m_NavMeshLayer: 0
  m_StaticEditorFlags: 0
  m_IsActive: 1
--- !u!1 &1331840528800104
GameObject:
  m_ObjectHideFlags: 0
  m_PrefabParentObject: {fileID: 0}
  m_PrefabInternal: {fileID: 100100000}
  serializedVersion: 5
  m_Component:
  - component: {fileID: 4739573162034318}
  - component: {fileID: 61243079693771092}
  - component: {fileID: 114986790819553114}
  - component: {fileID: 114103934673017240}
  m_Layer: 0
  m_Name: TriggerBottom
  m_TagString: Untagged
  m_Icon: {fileID: 0}
  m_NavMeshLayer: 0
  m_StaticEditorFlags: 0
  m_IsActive: 1
--- !u!1 &1689020810186126
GameObject:
  m_ObjectHideFlags: 0
  m_PrefabParentObject: {fileID: 0}
  m_PrefabInternal: {fileID: 100100000}
  serializedVersion: 5
  m_Component:
  - component: {fileID: 4111655935880336}
  - component: {fileID: 61413486718588636}
  - component: {fileID: 114178880800728010}
  - component: {fileID: 114877760752167200}
  m_Layer: 0
  m_Name: TriggerTop
  m_TagString: Untagged
  m_Icon: {fileID: 0}
  m_NavMeshLayer: 0
  m_StaticEditorFlags: 0
  m_IsActive: 1
--- !u!4 &4111655935880336
Transform:
  m_ObjectHideFlags: 1
  m_PrefabParentObject: {fileID: 0}
  m_PrefabInternal: {fileID: 100100000}
  m_GameObject: {fileID: 1689020810186126}
  m_LocalRotation: {x: 0, y: 0, z: 0, w: 1}
  m_LocalPosition: {x: -0.63, y: 1.11, z: 0}
  m_LocalScale: {x: 1, y: 1, z: 1}
  m_Children: []
  m_Father: {fileID: 4917861933233080}
  m_RootOrder: 1
  m_LocalEulerAnglesHint: {x: 0, y: 0, z: 0}
--- !u!4 &4318621396393312
Transform:
  m_ObjectHideFlags: 1
  m_PrefabParentObject: {fileID: 0}
  m_PrefabInternal: {fileID: 100100000}
  m_GameObject: {fileID: 1225709294056378}
  m_LocalRotation: {x: 0, y: 0, z: 0, w: 1}
  m_LocalPosition: {x: 0, y: 0, z: 0}
  m_LocalScale: {x: 1, y: 1, z: 1}
  m_Children: []
  m_Father: {fileID: 4748828005693958}
  m_RootOrder: 0
  m_LocalEulerAnglesHint: {x: 0, y: 0, z: 0}
--- !u!4 &4739573162034318
Transform:
  m_ObjectHideFlags: 1
  m_PrefabParentObject: {fileID: 0}
  m_PrefabInternal: {fileID: 100100000}
  m_GameObject: {fileID: 1331840528800104}
  m_LocalRotation: {x: 0, y: 0, z: 0, w: 1}
  m_LocalPosition: {x: -0.08, y: -1.26, z: 0}
  m_LocalScale: {x: 1, y: 1, z: 1}
  m_Children: []
  m_Father: {fileID: 4917861933233080}
  m_RootOrder: 2
  m_LocalEulerAnglesHint: {x: 0, y: 0, z: 0}
--- !u!4 &4748828005693958
Transform:
  m_ObjectHideFlags: 1
  m_PrefabParentObject: {fileID: 0}
  m_PrefabInternal: {fileID: 100100000}
  m_GameObject: {fileID: 1160999801553090}
  m_LocalRotation: {x: 0, y: 0, z: 0, w: 1}
  m_LocalPosition: {x: 0.51, y: -0.41, z: 0}
  m_LocalScale: {x: 1, y: 1, z: 1}
  m_Children:
  - {fileID: 4318621396393312}
  m_Father: {fileID: 4917861933233080}
  m_RootOrder: 0
  m_LocalEulerAnglesHint: {x: 0, y: 0, z: 0}
--- !u!4 &4917861933233080
Transform:
  m_ObjectHideFlags: 1
  m_PrefabParentObject: {fileID: 0}
  m_PrefabInternal: {fileID: 100100000}
  m_GameObject: {fileID: 1177468703214290}
  m_LocalRotation: {x: -0, y: -0, z: -0, w: 1}
  m_LocalPosition: {x: 0.31, y: 7.04, z: 0}
  m_LocalScale: {x: 0.8979813, y: 0.75192094, z: 0.5}
  m_Children:
  - {fileID: 4748828005693958}
  - {fileID: 4111655935880336}
  - {fileID: 4739573162034318}
  m_Father: {fileID: 0}
  m_RootOrder: 0
  m_LocalEulerAnglesHint: {x: 0, y: 0, z: 0}
--- !u!50 &50152572072072158
Rigidbody2D:
  serializedVersion: 4
  m_ObjectHideFlags: 1
  m_PrefabParentObject: {fileID: 0}
  m_PrefabInternal: {fileID: 100100000}
  m_GameObject: {fileID: 1177468703214290}
  m_BodyType: 0
  m_Simulated: 1
  m_UseFullKinematicContacts: 0
  m_UseAutoMass: 0
  m_Mass: 1
  m_LinearDrag: 0
  m_AngularDrag: 0.05
  m_GravityScale: 0
  m_Material: {fileID: 0}
  m_Interpolate: 0
  m_SleepingMode: 1
  m_CollisionDetection: 0
  m_Constraints: 4
--- !u!60 &60768128590234008
PolygonCollider2D:
  m_ObjectHideFlags: 1
  m_PrefabParentObject: {fileID: 0}
  m_PrefabInternal: {fileID: 100100000}
  m_GameObject: {fileID: 1177468703214290}
  m_Enabled: 1
  m_Density: 1
  m_Material: {fileID: 0}
  m_IsTrigger: 0
  m_UsedByEffector: 0
  m_UsedByComposite: 0
  m_Offset: {x: 0, y: 0}
  m_SpriteTilingProperty:
    border: {x: 0, y: 0, z: 0, w: 0}
    pivot: {x: 0.5, y: 0.5}
    oldSize: {x: 3.45, y: 4.71}
    newSize: {x: 3.45, y: 4.71}
    adaptiveTilingThreshold: 0.5
    drawMode: 0
    adaptiveTiling: 0
  m_AutoTiling: 0
  m_Points:
    m_Paths:
    - - {x: 0.49499997, y: -2.2849998}
      - {x: 0.585, y: -2.2549999}
      - {x: 0.78499997, y: -2.165}
      - {x: 0.91499996, y: -2.095}
      - {x: 0.92499995, y: -2.0449998}
      - {x: 1.0749999, y: -1.885}
      - {x: 1.135, y: -1.775}
      - {x: 1.255, y: -1.665}
      - {x: 1.255, y: -1.605}
      - {x: 1.3349999, y: -1.525}
      - {x: 1.405, y: -1.305}
      - {x: 1.4549999, y: -1.245}
      - {x: 1.505, y: -0.955}
      - {x: 1.505, y: -0.60499996}
      - {x: 1.4649999, y: -0.415}
      - {x: 1.485, y: -0.235}
      - {x: 1.525, y: -0.095}
      - {x: 1.625, y: 0.095}
      - {x: 1.675, y: 0.255}
      - {x: 1.7149999, y: 0.45499998}
      - {x: 1.7249999, y: 0.465}
      - {x: 1.7249999, y: 0.645}
      - {x: 1.675, y: 0.92499995}
      - {x: 1.635, y: 1.025}
      - {x: 1.5649999, y: 1.165}
      - {x: 1.495, y: 1.345}
      - {x: 1.435, y: 1.435}
      - {x: 1.375, y: 1.495}
      - {x: 1.275, y: 1.555}
      - {x: 1.0849999, y: 1.745}
      - {x: 0.895, y: 1.905}
      - {x: 0.815, y: 1.935}
      - {x: 0.625, y: 2.0249999}
      - {x: 0.525, y: 2.0149999}
      - {x: 0.465, y: 2.0449998}
      - {x: 0.33499998, y: 2.0449998}
      - {x: 0.315, y: 2.085}
      - {x: 0.185, y: 2.165}
      - {x: 0.055, y: 2.155}
      - {x: -0.074999996, y: 2.195}
      - {x: -0.114999995, y: 2.235}
      - {x: -0.265, y: 2.335}
      - {x: -0.255, y: 2.355}
      - {x: -0.42499998, y: 2.355}
      - {x: -0.585, y: 2.2749999}
      - {x: -0.745, y: 2.215}
      - {x: -0.84499997, y: 2.305}
      - {x: -0.97499996, y: 2.155}
      - {x: -1.125, y: 2.145}
      - {x: -1.165, y: 2.115}
      - {x: -1.275, y: 2.0249999}
      - {x: -1.3349999, y: 1.915}
      - {x: -1.3349999, y: 1.885}
      - {x: -1.265, y: 1.8149999}
      - {x: -1.345, y: 1.785}
      - {x: -1.425, y: 1.7249999}
      - {x: -1.525, y: 1.5749999}
      - {x: -1.545, y: 1.515}
      - {x: -1.615, y: 1.415}
      - {x: -1.7149999, y: 1.245}
      - {x: -1.7249999, y: 1.115}
      - {x: -1.7249999, y: 0.675}
      - {x: -1.685, y: 0.675}
      - {x: -1.685, y: 0.13499999}
      - {x: -1.675, y: -0.105}
      - {x: -1.665, y: -0.295}
      - {x: -1.675, y: -0.345}
      - {x: -1.645, y: -0.42499998}
      - {x: -1.635, y: -0.685}
      - {x: -1.5949999, y: -0.79499996}
      - {x: -1.5749999, y: -0.935}
      - {x: -1.555, y: -1.025}
      - {x: -1.545, y: -1.175}
      - {x: -1.485, y: -1.275}
      - {x: -1.485, y: -1.3249999}
      - {x: -1.375, y: -1.555}
      - {x: -1.285, y: -1.685}
      - {x: -1.235, y: -1.755}
      - {x: -1.165, y: -1.765}
      - {x: -0.97499996, y: -1.9649999}
      - {x: -0.815, y: -2.195}
      - {x: -0.655, y: -2.325}
      - {x: -0.525, y: -2.355}
      - {x: -0.044999998, y: -2.355}
      - {x: 0.035, y: -2.335}
      - {x: 0.235, y: -2.325}
--- !u!61 &61243079693771092
BoxCollider2D:
  m_ObjectHideFlags: 1
  m_PrefabParentObject: {fileID: 0}
  m_PrefabInternal: {fileID: 100100000}
  m_GameObject: {fileID: 1331840528800104}
  m_Enabled: 1
  m_Density: 1
  m_Material: {fileID: 6200000, guid: f6c6b69c84522364ea6735bdb670dd49, type: 2}
  m_IsTrigger: 1
  m_UsedByEffector: 0
  m_UsedByComposite: 0
  m_Offset: {x: 0.6023177, y: -1.3279159}
  m_SpriteTilingProperty:
    border: {x: 0, y: 0, z: 0, w: 0}
    pivot: {x: 0, y: 0}
    oldSize: {x: 0, y: 0}
    newSize: {x: 0, y: 0}
    adaptiveTilingThreshold: 0
    drawMode: 0
    adaptiveTiling: 0
  m_AutoTiling: 0
  serializedVersion: 2
  m_Size: {x: 3.5205038, y: 2.2941942}
  m_EdgeRadius: 0
--- !u!61 &61260845401690012
BoxCollider2D:
  m_ObjectHideFlags: 1
  m_PrefabParentObject: {fileID: 0}
  m_PrefabInternal: {fileID: 100100000}
  m_GameObject: {fileID: 1160999801553090}
  m_Enabled: 1
  m_Density: 1
  m_Material: {fileID: 6200000, guid: f6c6b69c84522364ea6735bdb670dd49, type: 2}
  m_IsTrigger: 1
  m_UsedByEffector: 0
  m_UsedByComposite: 0
  m_Offset: {x: 1.277242, y: 0.64853096}
  m_SpriteTilingProperty:
    border: {x: 0, y: 0, z: 0, w: 0}
    pivot: {x: 0, y: 0}
    oldSize: {x: 0, y: 0}
    newSize: {x: 0, y: 0}
    adaptiveTilingThreshold: 0
    drawMode: 0
    adaptiveTiling: 0
  m_AutoTiling: 0
  serializedVersion: 2
  m_Size: {x: 1.1204934, y: 5.183051}
  m_EdgeRadius: 0
--- !u!61 &61413486718588636
BoxCollider2D:
  m_ObjectHideFlags: 1
  m_PrefabParentObject: {fileID: 0}
  m_PrefabInternal: {fileID: 100100000}
  m_GameObject: {fileID: 1689020810186126}
  m_Enabled: 1
  m_Density: 1
  m_Material: {fileID: 6200000, guid: f6c6b69c84522364ea6735bdb670dd49, type: 2}
  m_IsTrigger: 1
  m_UsedByEffector: 0
  m_UsedByComposite: 0
  m_Offset: {x: 0.1956867, y: 1.8339423}
  m_SpriteTilingProperty:
    border: {x: 0, y: 0, z: 0, w: 0}
    pivot: {x: 0, y: 0}
    oldSize: {x: 0, y: 0}
    newSize: {x: 0, y: 0}
    adaptiveTilingThreshold: 0
    drawMode: 0
    adaptiveTiling: 0
  m_AutoTiling: 0
  serializedVersion: 2
  m_Size: {x: 4.2654285, y: 2.6887228}
  m_EdgeRadius: 0
--- !u!61 &61572705729120520
BoxCollider2D:
  m_ObjectHideFlags: 1
  m_PrefabParentObject: {fileID: 0}
  m_PrefabInternal: {fileID: 100100000}
  m_GameObject: {fileID: 1177468703214290}
  m_Enabled: 1
  m_Density: 1
  m_Material: {fileID: 0}
  m_IsTrigger: 1
  m_UsedByEffector: 0
  m_UsedByComposite: 0
  m_Offset: {x: -0.8320993, y: -0.14196444}
  m_SpriteTilingProperty:
    border: {x: 0, y: 0, z: 0, w: 0}
    pivot: {x: 0.5, y: 0.5}
    oldSize: {x: 3.45, y: 4.71}
    newSize: {x: 3.45, y: 4.71}
    adaptiveTilingThreshold: 0.5
    drawMode: 0
    adaptiveTiling: 0
  m_AutoTiling: 0
  serializedVersion: 2
  m_Size: {x: 5.1141996, y: 7.2653217}
  m_EdgeRadius: 0
--- !u!114 &114013296899386260
MonoBehaviour:
  m_ObjectHideFlags: 1
  m_PrefabParentObject: {fileID: 0}
  m_PrefabInternal: {fileID: 100100000}
  m_GameObject: {fileID: 1160999801553090}
  m_Enabled: 1
  m_EditorHideFlags: 0
  m_Script: {fileID: 11500000, guid: de8094b0175a0b147a88244dd0c415bf, type: 3}
  m_Name: 
  m_EditorClassIdentifier: 
  Top: 0
  Bottom: 0
  Front: 1
  bounceScript: {fileID: 0}
--- !u!114 &114103934673017240
MonoBehaviour:
  m_ObjectHideFlags: 1
  m_PrefabParentObject: {fileID: 0}
  m_PrefabInternal: {fileID: 100100000}
  m_GameObject: {fileID: 1331840528800104}
  m_Enabled: 1
  m_EditorHideFlags: 0
  m_Script: {fileID: 0}
  m_Name: 
  m_EditorClassIdentifier: 
--- !u!114 &114178880800728010
MonoBehaviour:
  m_ObjectHideFlags: 1
  m_PrefabParentObject: {fileID: 0}
  m_PrefabInternal: {fileID: 100100000}
  m_GameObject: {fileID: 1689020810186126}
  m_Enabled: 1
  m_EditorHideFlags: 0
  m_Script: {fileID: 11500000, guid: de8094b0175a0b147a88244dd0c415bf, type: 3}
  m_Name: 
  m_EditorClassIdentifier: 
  Top: 1
  Bottom: 0
  Front: 0
  bounceScript: {fileID: 0}
--- !u!114 &114877760752167200
MonoBehaviour:
  m_ObjectHideFlags: 1
  m_PrefabParentObject: {fileID: 0}
  m_PrefabInternal: {fileID: 100100000}
  m_GameObject: {fileID: 1689020810186126}
  m_Enabled: 1
  m_EditorHideFlags: 0
  m_Script: {fileID: 0}
  m_Name: 
  m_EditorClassIdentifier: 
--- !u!114 &114979305746647570
MonoBehaviour:
  m_ObjectHideFlags: 1
  m_PrefabParentObject: {fileID: 0}
  m_PrefabInternal: {fileID: 100100000}
  m_GameObject: {fileID: 1177468703214290}
  m_Enabled: 1
  m_EditorHideFlags: 0
  m_Script: {fileID: 11500000, guid: 75861e535b5427e46ab304168747af21, type: 3}
  m_Name: 
  m_EditorClassIdentifier: 
  Speed: 0.05
  currentHealth: 0
  maxHealth: 3
  dead: 0
  gameStats: {fileID: 0}
  facingRight: 1
--- !u!114 &114986790819553114
MonoBehaviour:
  m_ObjectHideFlags: 1
  m_PrefabParentObject: {fileID: 0}
  m_PrefabInternal: {fileID: 100100000}
  m_GameObject: {fileID: 1331840528800104}
  m_Enabled: 1
  m_EditorHideFlags: 0
  m_Script: {fileID: 11500000, guid: de8094b0175a0b147a88244dd0c415bf, type: 3}
  m_Name: 
  m_EditorClassIdentifier: 
  Top: 0
  Bottom: 1
  Front: 0
  bounceScript: {fileID: 0}
--- !u!212 &212197656637093940
SpriteRenderer:
  m_ObjectHideFlags: 1
  m_PrefabParentObject: {fileID: 0}
  m_PrefabInternal: {fileID: 100100000}
  m_GameObject: {fileID: 1177468703214290}
  m_Enabled: 1
  m_CastShadows: 0
  m_ReceiveShadows: 0
  m_MotionVectors: 1
  m_LightProbeUsage: 0
  m_ReflectionProbeUsage: 0
  m_Materials:
  - {fileID: 10754, guid: 0000000000000000f000000000000000, type: 0}
  m_StaticBatchInfo:
    firstSubMesh: 0
    subMeshCount: 0
  m_StaticBatchRoot: {fileID: 0}
  m_ProbeAnchor: {fileID: 0}
  m_LightProbeVolumeOverride: {fileID: 0}
  m_ScaleInLightmap: 1
  m_PreserveUVs: 0
  m_IgnoreNormalsForChartDetection: 0
  m_ImportantGI: 0
  m_SelectedEditorRenderState: 0
  m_MinimumChartSize: 4
  m_AutoUVMaxDistance: 0.5
  m_AutoUVMaxAngle: 89
  m_LightmapParameters: {fileID: 0}
  m_SortingLayerID: 0
  m_SortingLayer: 0
  m_SortingOrder: 1
  m_Sprite: {fileID: 21300000, guid: e09cd98947c8e8e4da69cf3df8c91272, type: 3}
  m_Color: {r: 1, g: 1, b: 1, a: 1}
  m_FlipX: 0
  m_FlipY: 0
  m_DrawMode: 0
  m_Size: {x: 3.45, y: 4.71}
  m_AdaptiveModeThreshold: 0.5
  m_SpriteTileMode: 0
  m_WasSpriteAssigned: 1
  m_MaskInteraction: 0
